Date,Total Revenue,Cost of Revenue,Gross Profit,Operating Expense,Operating Income,Net Non Operating Interest Income Expense,Other Income Expense,Pretax Income,Tax Provision,Net Income Common Stockholders,Diluted NI Available to Com Stockholders,Basic EPS,Diluted EPS,Basic Average Shares,Diluted Average Shares,Total Operating Income as Reported,Total Expenses,Net Income from Continuing & Discontinued Operation,Normalized Income,Interest Income,Interest Expense,Net Interest Income,EBIT,EBITDA,Reconciled Cost of Revenue,Reconciled Depreciation,Net Income from Continuing Operation Net Minority Interest,Normalized EBITDA,Tax Rate for Calcs,Total Assets,Total Liabilities Net Minority Interest,Total Equity Gross Minority Interest,Total Capitalization,Common Stock Equity,Capital Lease Obligations,Net Tangible Assets,Working Capital,Invested Capital,Tangible Book Value,Total Debt,Net Debt,Share Issued,Ordinary Shares Number,Operating Cash Flow,Investing Cash Flow,Financing Cash Flow,End Cash Position,Income Tax Paid Supplemental Data,Interest Paid Supplemental Data,Capital Expenditure,Issuance of Capital Stock,Issuance of Debt,Repayment of Debt,Repurchase of Capital Stock,Free Cash Flow,Ticker,Total Unusual Items Excluding Goodwill,Total Unusual Items,Tax Effect of Unusual Items,Earnings from Equity Interest Net of Tax,Average Dilution Earnings,Treasury Shares Number,Rent Expense Supplemental,Preferred Stock Equity,Preferred Shares Number,Credit Losses Provision,Non Interest Expense,Special Income Charges,Interest Income after Provision for Loan Loss,Total Money Market Investments,Cash Flow from Discontinued Operation
2023-09-29,383285000.0,214137000.0,169148000.0,54847000.0,114301000.0,-183000.0,-382000.0,113736000.0,16741000.0,96995000.0,96995000.0,6.16,6.13,15744231.0,15812547.0,114301000.0,268984000.0,96995000.0,96995000.0,3750000.0,3933000.0,-183000.0,117669000.0,129188000.0,214137000.0,11519000.0,96995000.0,129188000.0,0.0,352583000.0,290437000.0,62146000.0,157427000.0,62146000.0,12842000.0,62146000.0,-1742000.0,173234000.0,62146000.0,123930000.0,81123000.0,15550061.0,15550061.0,110543000.0,3705000.0,-108488000.0,30737000.0,18679000.0,3803000.0,-10959000.0,0.0,5228000.0,-11151000.0,-77550000.0,99584000.0,AAPL,0.0,0.0,0.0,0.0,0.0,0.0,0.0,0.0,0.0,0.0,0.0,0.0,0.0,0.0,0.0
2022-09-30,394328000.0,223546000.0,170782000.0,51345000.0,119437000.0,-106000.0,-228000.0,119103000.0,19300000.0,99803000.0,99803000.0,6.15,6.11,16215963.0,16325819.0,119437000.0,274891000.0,99803000.0,99803000.0,2825000.0,2931000.0,-106000.0,122034000.0,133138000.0,223546000.0,11104000.0,99803000.0,133138000.0,0.0,352755000.0,302083000.0,50672000.0,149631000.0,50672000.0,12411000.0,50672000.0,-18577000.0,170741000.0,50672000.0,132480000.0,96423000.0,15943425.0,15943425.0,122151000.0,-22354000.0,-110749000.0,24977000.0,19573000.0,2865000.0,-10708000.0,0.0,5465000.0,-9543000.0,-89402000.0,111443000.0,AAPL,0.0,0.0,0.0,0.0,0.0,0.0,0.0,0.0,0.0,0.0,0.0,0.0,0.0,0.0,0.0
2021-09-30,365817000.0,212981000.0,152836000.0,43887000.0,108949000.0,198000.0,60000.0,109207000.0,14527000.0,94680000.0,94680000.0,5.67,5.61,16701272.0,16864919.0,108949000.0,256868000.0,94680000.0,94680000.0,2843000.0,2645000.0,198000.0,111852000.0,123136000.0,212981000.0,11284000.0,94680000.0,123136000.0,0.0,351002000.0,287912000.0,63090000.0,172196000.0,63090000.0,11803000.0,63090000.0,9355000.0,187809000.0,63090000.0,136522000.0,89779000.0,16426786.0,16426786.0,104038000.0,-14545000.0,-93353000.0,35929000.0,25385000.0,2687000.0,-11085000.0,1105000.0,20393000.0,-8750000.0,-85971000.0,92953000.0,AAPL,0.0,0.0,0.0,0.0,0.0,0.0,0.0,0.0,0.0,0.0,0.0,0.0,0.0,0.0,0.0
2020-09-30,274515000.0,169559000.0,104956000.0,38668000.0,66288000.0,890000.0,-87000.0,67091000.0,9680000.0,57411000.0,57411000.0,3.31,3.28,17352119.0,17528214.0,66288000.0,208227000.0,57411000.0,57411000.0,3763000.0,2873000.0,890000.0,69964000.0,81020000.0,169559000.0,11056000.0,57411000.0,81020000.0,0.0,323888000.0,258549000.0,65339000.0,164006000.0,65339000.0,9842000.0,65339000.0,38321000.0,177775000.0,65339000.0,122278000.0,74420000.0,16976763.0,16976763.0,80674000.0,-4289000.0,-86820000.0,39789000.0,9501000.0,3002000.0,-7309000.0,880000.0,16091000.0,-12629000.0,-72358000.0,73365000.0,AAPL,0.0,0.0,0.0,0.0,0.0,0.0,0.0,0.0,0.0,0.0,0.0,0.0,0.0,0.0,0.0
2019-09-30,0.0,0.0,0.0,0.0,0.0,0.0,0.0,0.0,0.0,0.0,0.0,0.0,0.0,0.0,0.0,0.0,0.0,0.0,0.0,0.0,0.0,0.0,0.0,0.0,0.0,0.0,0.0,0.0,0.0,0.0,0.0,0.0,0.0,0.0,0.0,0.0,0.0,0.0,0.0,0.0,0.0,0.0,0.0,0.0,0.0,0.0,0.0,0.0,0.0,0.0,781000.0,0.0,0.0,0.0,0.0,AAPL,0.0,0.0,0.0,0.0,0.0,0.0,0.0,0.0,0.0,0.0,0.0,0.0,0.0,0.0,0.0
2023-09-29,35820000.0,15869000.0,19951000.0,12163000.0,7788000.0,-381000.0,36000.0,7443000.0,104000.0,7232000.0,7232000.0,6.47,6.42,1117000.0,1126000.0,7788000.0,28032000.0,7232000.0,7388500.0,313000.0,694000.0,-381000.0,8137000.0,9946000.0,15869000.0,1809000.0,7339000.0,9996000.0,0.0,51040000.0,29459000.0,21581000.0,36065000.0,21581000.0,0.0,9531000.0,12836000.0,36979000.0,9531000.0,15398000.0,6948000.0,1114000.0,1114000.0,11299000.0,762000.0,-6663000.0,8527000.0,0.0,0.0,-1450000.0,434000.0,6948000.0,-7012000.0,-2973000.0,9849000.0,QCOM,-50000.0,-50000.0,-500.0,0.0,0.0,0.0,0.0,0.0,0.0,0.0,0.0,0.0,0.0,0.0,0.0
2022-09-30,44200000.0,18635000.0,25565000.0,9705000.0,15860000.0,-399000.0,-463000.0,14998000.0,2012000.0,12936000.0,12936000.0,11.52,11.37,1123000.0,1137000.0,15860000.0,28340000.0,12936000.0,13266140.0,91000.0,490000.0,-399000.0,15488000.0,17250000.0,18635000.0,1762000.0,12986000.0,17572000.0,0.0,49014000.0,31001000.0,18013000.0,31550000.0,18013000.0,0.0,5623000.0,8858000.0,33495000.0,5623000.0,15482000.0,12709000.0,1121000.0,1121000.0,9096000.0,-5804000.0,-7196000.0,3099000.0,0.0,0.0,-2262000.0,356000.0,8477000.0,-8892000.0,-3129000.0,6834000.0,QCOM,-322000.0,-322000.0,-41860.0,0.0,0.0,0.0,0.0,0.0,0.0,0.0,0.0,0.0,0.0,0.0,0.0
2021-09-30,33566000.0,14262000.0,19304000.0,9515000.0,9789000.0,-476000.0,961000.0,10274000.0,1231000.0,9043000.0,9043000.0,7.99,7.87,1131000.0,1149000.0,9789000.0,23777000.0,9043000.0,8311720.0,83000.0,559000.0,-476000.0,10833000.0,12415000.0,14262000.0,1582000.0,9043000.0,11584000.0,0.0,41240000.0,31290000.0,9950000.0,23651000.0,9950000.0,0.0,1246000.0,8124000.0,25695000.0,1246000.0,15745000.0,8629000.0,1125000.0,1125000.0,10536000.0,-3356000.0,-6798000.0,7116000.0,0.0,0.0,-1888000.0,347000.0,2886000.0,-2885000.0,-3366000.0,8648000.0,QCOM,831000.0,831000.0,99720.0,0.0,0.0,0.0,0.0,0.0,0.0,0.0,0.0,0.0,0.0,0.0,0.0
2020-09-30,23531000.0,9255000.0,14276000.0,8021000.0,6255000.0,-446000.0,-90000.0,5719000.0,521000.0,5198000.0,5198000.0,4.58,4.52,1135000.0,1149000.0,6255000.0,17276000.0,5198000.0,5303560.0,156000.0,602000.0,-446000.0,6321000.0,7714000.0,9255000.0,1393000.0,5198000.0,7830000.0,0.0,35594000.0,29517000.0,6077000.0,21303000.0,6077000.0,0.0,-1899000.0,9847000.0,21803000.0,-1899000.0,15726000.0,9019000.0,1131000.0,1131000.0,5814000.0,-5263000.0,-5707000.0,6707000.0,0.0,0.0,-1407000.0,329000.0,4836000.0,-5065000.0,-2450000.0,4407000.0,QCOM,-116000.0,-116000.0,-10440.0,0.0,0.0,0.0,0.0,0.0,0.0,0.0,0.0,0.0,0.0,0.0,0.0
2019-09-30,0.0,0.0,0.0,0.0,0.0,0.0,0.0,0.0,0.0,0.0,0.0,0.0,0.0,0.0,0.0,0.0,0.0,0.0,0.0,0.0,0.0,0.0,0.0,0.0,0.0,0.0,0.0,0.0,0.0,0.0,0.0,0.0,0.0,0.0,0.0,0.0,0.0,0.0,0.0,0.0,0.0,0.0,0.0,0.0,0.0,0.0,0.0,0.0,0.0,0.0,0.0,0.0,0.0,0.0,0.0,QCOM,0.0,0.0,0.0,0.0,0.0,0.0,0.0,0.0,0.0,0.0,0.0,0.0,0.0,0.0,0.0
2023-12-29,22680000.0,12220000.0,10460000.0,10059000.0,401000.0,100000.0,-9000.0,492000.0,-346000.0,854000.0,854000.0,0.53,0.53,1614000.0,1625000.0,401000.0,22279000.0,854000.0,854000.0,206000.0,106000.0,100000.0,598000.0,4149000.0,10538000.0,3551000.0,854000.0,4149000.0,0.0,67885000.0,11993000.0,55892000.0,57609000.0,55892000.0,535000.0,10267000.0,10079000.0,58360000.0,10267000.0,3003000.0,0.0,1663000.0,1616000.0,1667000.0,-1423000.0,-1146000.0,3933000.0,523000.0,84000.0,-546000.0,0.0,0.0,0.0,-1412000.0,1121000.0,AMD,0.0,0.0,0.0,16000.0,0.0,47000.0,0.0,0.0,0.0,0.0,0.0,0.0,0.0,0.0,0.0
2022-12-30,23601000.0,12998000.0,10603000.0,9339000.0,1264000.0,-23000.0,-57000.0,1184000.0,-122000.0,1320000.0,1320000.0,0.85,0.84,1561000.0,1571000.0,1264000.0,22337000.0,1320000.0,1320000.0,65000.0,88000.0,-23000.0,1272000.0,5534000.0,10836000.0,4262000.0,1320000.0,5534000.0,0.0,67580000.0,12830000.0,54750000.0,57217000.0,54750000.0,396000.0,6455000.0,8650000.0,57217000.0,6455000.0,2863000.0,0.0,1645000.0,1612000.0,3565000.0,1999000.0,-3264000.0,4835000.0,685000.0,85000.0,-450000.0,0.0,991000.0,-312000.0,-4108000.0,3115000.0,AMD,0.0,0.0,0.0,14000.0,0.0,33000.0,0.0,0.0,0.0,0.0,0.0,0.0,0.0,0.0,0.0
2021-12-31,16434000.0,8505000.0,7929000.0,4281000.0,3648000.0,-26000.0,47000.0,3669000.0,513000.0,3162000.0,3162000.0,2.61,2.57,1213000.0,1229000.0,3648000.0,12786000.0,3162000.0,3168021.26,8000.0,34000.0,-26000.0,3703000.0,4166000.0,8042000.0,463000.0,3162000.0,4173000.0,0.0,12419000.0,4922000.0,7497000.0,7498000.0,7497000.0,348000.0,6885000.0,4343000.0,7810000.0,6885000.0,661000.0,0.0,1232000.0,1207000.0,3521000.0,-686000.0,-1895000.0,2535000.0,35000.0,25000.0,-301000.0,0.0,0.0,0.0,-1999000.0,3220000.0,AMD,-7000.0,-7000.0,-978.74,6000.0,0.0,25000.0,0.0,0.0,0.0,0.0,0.0,0.0,0.0,0.0,0.0
2020-12-31,9763000.0,5416000.0,4347000.0,2978000.0,1369000.0,-39000.0,-55000.0,1275000.0,-1210000.0,2490000.0,2491000.0,2.1,2.06,1184000.0,1207000.0,1369000.0,8394000.0,2490000.0,2529420.0,8000.0,47000.0,-39000.0,1322000.0,1676000.0,5062000.0,354000.0,2490000.0,1730000.0,0.0,8962000.0,3125000.0,5837000.0,6167000.0,5837000.0,201000.0,5319000.0,3726000.0,6167000.0,5319000.0,531000.0,0.0,1217000.0,1211000.0,1071000.0,-952000.0,6000.0,1595000.0,8000.0,31000.0,-294000.0,0.0,200000.0,-200000.0,-78000.0,777000.0,AMD,-54000.0,-54000.0,-14580.0,5000.0,1000.0,6000.0,0.0,0.0,0.0,0.0,0.0,0.0,0.0,0.0,0.0
2019-12-31,0.0,0.0,0.0,0.0,0.0,0.0,0.0,0.0,0.0,0.0,0.0,0.0,0.0,0.0,0.0,0.0,0.0,0.0,0.0,0.0,0.0,0.0,0.0,0.0,0.0,0.0,0.0,0.0,0.0,0.0,0.0,0.0,0.0,0.0,0.0,0.0,0.0,0.0,0.0,0.0,0.0,0.0,0.0,0.0,0.0,0.0,0.0,0.0,0.0,0.0,0.0,0.0,0.0,0.0,0.0,AMD,0.0,0.0,0.0,0.0,0.0,0.0,0.0,0.0,0.0,0.0,0.0,0.0,0.0,0.0,0.0
2024-01-31,60922000.0,16621000.0,44301000.0,11329000.0,32972000.0,609000.0,237000.0,33818000.0,4058000.0,29760000.0,29760000.0,1.21,1.19,24690000.0,24940000.0,32972000.0,27950000.0,29760000.0,29760000.0,866000.0,257000.0,609000.0,34075000.0,35583000.0,16621000.0,1508000.0,29760000.0,35583000.0,0.0,65728000.0,22750000.0,42978000.0,51437000.0,42978000.0,1347000.0,37436000.0,33714000.0,52687000.0,37436000.0,11056000.0,2429000.0,24640000.0,24640000.0,28090000.0,-10566000.0,-13633000.0,7280000.0,6549000.0,252000.0,-1069000.0,0.0,0.0,-1250000.0,-9533000.0,27021000.0,NVDA,0.0,0.0,0.0,0.0,0.0,0.0,0.0,0.0,0.0,0.0,0.0,0.0,0.0,0.0,0.0
2023-01-31,26974000.0,11618000.0,15356000.0,9779000.0,5577000.0,5000.0,-1401000.0,4181000.0,-187000.0,4368000.0,4368000.0,0.18,0.17,24870000.0,25070000.0,4224000.0,21397000.0,4368000.0,5436870.0,267000.0,262000.0,5000.0,4443000.0,5987000.0,11618000.0,1544000.0,4368000.0,7340000.0,0.0,41182000.0,19081000.0,22101000.0,31804000.0,22101000.0,1078000.0,16053000.0,16510000.0,33054000.0,16053000.0,12031000.0,7564000.0,24661365.72,24661365.72,5641000.0,7375000.0,-11617000.0,3389000.0,1404000.0,254000.0,-1833000.0,0.0,0.0,0.0,-10039000.0,3808000.0,NVDA,-1353000.0,-1353000.0,-284130.0,0.0,0.0,0.0,0.0,0.0,0.0,0.0,0.0,0.0,0.0,0.0,0.0
2022-01-31,26914000.0,9439000.0,17475000.0,7434000.0,10041000.0,-207000.0,107000.0,9941000.0,189000.0,9752000.0,9752000.0,0.39,0.39,24960000.0,25350000.0,10041000.0,16873000.0,9752000.0,9752000.0,29000.0,236000.0,-207000.0,10177000.0,11351000.0,9439000.0,1174000.0,9752000.0,11351000.0,0.0,44187000.0,17575000.0,26612000.0,37558000.0,26612000.0,885000.0,19924000.0,24494000.0,37558000.0,19924000.0,11831000.0,8956000.0,25060000.0,25060000.0,9108000.0,-9830000.0,1865000.0,1990000.0,396000.0,246000.0,-976000.0,0.0,4977000.0,-1000000.0,0.0,8132000.0,NVDA,0.0,0.0,0.0,0.0,0.0,0.0,0.0,0.0,0.0,0.0,0.0,0.0,0.0,0.0,0.0
2021-01-29,16675000.0,6279000.0,10396000.0,5864000.0,4532000.0,-127000.0,4000.0,4409000.0,77000.0,4332000.0,4332000.0,0.18,0.17,24680000.0,25120000.0,4532000.0,12143000.0,4332000.0,4332000.0,57000.0,184000.0,-127000.0,4593000.0,5691000.0,6279000.0,1098000.0,4332000.0,5691000.0,0.0,28791000.0,11898000.0,16893000.0,22857000.0,16893000.0,634000.0,9963000.0,12130000.0,23856000.0,9963000.0,7597000.0,6116000.0,38600000.0,24800000.0,5822000.0,-19675000.0,3804000.0,847000.0,249000.0,138000.0,-1128000.0,0.0,4968000.0,0.0,0.0,4694000.0,NVDA,0.0,0.0,0.0,0.0,0.0,13800000.0,0.0,0.0,0.0,0.0,0.0,0.0,0.0,0.0,0.0
2020-01-31,0.0,0.0,0.0,0.0,0.0,0.0,0.0,0.0,0.0,0.0,0.0,0.0,0.0,0.0,0.0,0.0,0.0,0.0,0.0,0.0,0.0,0.0,0.0,0.0,0.0,0.0,0.0,0.0,0.0,0.0,0.0,0.0,0.0,0.0,0.0,0.0,0.0,0.0,0.0,0.0,0.0,0.0,0.0,0.0,0.0,0.0,0.0,0.0,0.0,0.0,0.0,0.0,0.0,0.0,0.0,NVDA,0.0,0.0,0.0,0.0,0.0,13700576.96,0.0,0.0,0.0,0.0,0.0,0.0,0.0,0.0,0.0
2023-12-29,7060000.0,3545000.0,3515000.0,3593000.0,-78000.0,241000.0,22000.0,185000.0,53000.0,132000.0,133000.0,0.1,0.1,1281554.56,1295511.39,-1418000.0,7138000.0,132000.0,74918.92,241000.0,0.0,241000.0,-78000.0,-8000.0,3545000.0,70000.0,132000.0,-88000.0,0.0,11299000.0,2233000.0,9066000.0,9982000.0,9066000.0,234000.0,8610000.0,5377000.0,9982000.0,8610000.0,1150000.0,0.0,1286570.29,1286570.29,944000.0,-1244000.0,60000.0,1413000.0,50000.0,1000.0,-39000.0,0.0,0.0,0.0,0.0,905000.0,SHOP,80000.0,80000.0,22918.92,0.0,1000.0,0.0,0.0,0.0,0.0,0.0,0.0,0.0,0.0,0.0,0.0
2022-12-30,5600000.0,2846000.0,2754000.0,3576000.0,-822000.0,75000.0,-2876000.0,-3623000.0,-163000.0,-3460000.0,-3460000.0,-2.73,-2.73,1266268.16,1266268.16,-822000.0,6422000.0,-3460000.0,-713392.22,75000.0,1150.0,75000.0,-822000.0,-729000.0,2846000.0,93000.0,-3460000.0,2147000.0,0.0,10757000.0,2518000.0,8239000.0,9152000.0,8239000.0,483000.0,6013000.0,5194000.0,9152000.0,6013000.0,1396000.0,0.0,1275128.57,1275128.57,-136000.0,-719000.0,18000.0,1649000.0,27000.0,1000.0,-50000.0,0.0,0.0,0.0,0.0,-186000.0,SHOP,-2876000.0,-2876000.0,-129392.22,0.0,0.0,0.0,0.0,0.0,0.0,0.0,0.0,0.0,0.0,0.0,0.0
2021-12-31,4611856.0,2130712.0,2481144.0,2212501.0,268643.0,11863.0,2860086.0,3140592.0,225933.0,2914659.0,2917226.0,2.34,2.29,1246588.91,1273647.35,268643.0,4343213.0,2914659.0,260326.5,15356.0,1150.0,11863.0,3141742.0,3208050.0,2130712.0,66308.0,2914659.0,347964.0,0.0,13340172.0,2206831.0,11133341.0,12044304.0,11133341.0,262524.0,10638317.0,7836587.0,12044304.0,10638317.0,1173487.0,0.0,1258971.59,1258971.59,535711.0,-2379073.0,1649762.0,2502992.0,10466.0,1287.0,-50788.0,1541168.0,0.0,0.0,0.0,484923.0,SHOP,2860086.0,2860086.0,205753.5,0.0,2567.0,0.0,0.0,0.0,0.0,0.0,0.0,0.0,0.0,0.0,0.0
2020-12-31,2929491.0,1387971.0,1541520.0,1451367.0,90153.0,14349.0,135862.0,240364.0,-79145.0,319509.0,319509.0,0.27,0.26,1195697.05,1234632.74,90153.0,2839338.0,319509.0,220329.74,23434.0,8575.0,14349.0,248939.0,318999.0,1387971.0,70060.0,319509.0,183137.0,0.0,7762905.0,1362182.0,6400723.0,7158731.0,6400723.0,154887.0,5953182.0,6439424.0,7158731.0,5953182.0,912895.0,0.0,1225288.71,1225288.71,424958.0,-1931848.0,3557350.0,2703597.0,0.0,0.0,-41995.0,2578591.0,907950.0,0.0,0.0,382963.0,SHOP,135862.0,135862.0,36682.74,0.0,0.0,0.0,0.0,0.0,0.0,0.0,0.0,0.0,0.0,0.0,0.0
2019-12-31,0.0,0.0,0.0,0.0,0.0,0.0,0.0,0.0,0.0,0.0,0.0,0.0,0.0,0.0,0.0,0.0,0.0,0.0,0.0,0.0,0.0,0.0,0.0,0.0,0.0,0.0,0.0,0.0,0.0,0.0,0.0,0.0,0.0,0.0,0.0,0.0,0.0,0.0,0.0,0.0,0.0,0.0,0.0,0.0,0.0,0.0,0.0,0.0,0.0,0.0,688014.0,0.0,0.0,0.0,0.0,SHOP,0.0,0.0,0.0,0.0,0.0,0.0,0.0,0.0,0.0,0.0,0.0,0.0,0.0,0.0,0.0
2024-01-31,34857000.0,8541000.0,26316000.0,20317000.0,5999000.0,0.0,-1049000.0,4950000.0,814000.0,4136000.0,4136000.0,4.25,4.2,974000.0,984000.0,5011000.0,28858000.0,4136000.0,5198600.0,0.0,0.0,0.0,5999000.0,9958000.0,8541000.0,3959000.0,4136000.0,11223000.0,0.0,99823000.0,40177000.0,59646000.0,68073000.0,59646000.0,3162000.0,5748000.0,2443000.0,69072000.0,5748000.0,12588000.0,954000.0,1035000.0,971000.0,10234000.0,-1327000.0,-7477000.0,8472000.0,1027000.0,254000.0,-736000.0,0.0,0.0,-1811000.0,-7620000.0,9498000.0,CRM,-1265000.0,-1265000.0,-202400.0,0.0,0.0,64000.0,0.0,0.0,0.0,0.0,0.0,0.0,0.0,0.0,0.0
2023-01-31,31352000.0,8360000.0,22992000.0,21134000.0,1858000.0,0.0,-1198000.0,660000.0,452000.0,208000.0,208000.0,0.21,0.21,992000.0,997000.0,1030000.0,29494000.0,208000.0,1050930.0,0.0,0.0,0.0,1858000.0,5644000.0,8360000.0,3786000.0,208000.0,6711000.0,0.0,98849000.0,40490000.0,58359000.0,67778000.0,58359000.0,3487000.0,2666000.0,504000.0,68960000.0,2666000.0,14088000.0,3585000.0,1009000.0,981000.0,7111000.0,-1989000.0,-3562000.0,7016000.0,510000.0,275000.0,-798000.0,0.0,0.0,-423000.0,-4000000.0,6313000.0,CRM,-1067000.0,-1067000.0,-224070.0,0.0,0.0,28000.0,0.0,0.0,0.0,0.0,0.0,0.0,0.0,0.0,0.0
2022-01-31,26492000.0,7026000.0,19466000.0,18918000.0,548000.0,0.0,984000.0,1532000.0,88000.0,1444000.0,1444000.0,1.51,1.48,955000.0,974000.0,548000.0,25944000.0,1444000.0,302561.36,0.0,0.0,0.0,548000.0,3846000.0,7026000.0,3298000.0,1444000.0,2635000.0,0.0,95209000.0,37078000.0,58131000.0,68723000.0,58131000.0,3389000.0,1216000.0,1062000.0,68727000.0,1216000.0,13985000.0,5132000.0,989000.0,989000.0,6000000.0,-14536000.0,7838000.0,5464000.0,196000.0,187000.0,-717000.0,0.0,7906000.0,-1357000.0,0.0,5283000.0,CRM,1211000.0,1211000.0,69561.36,0.0,0.0,0.0,0.0,0.0,0.0,0.0,0.0,0.0,0.0,0.0,0.0
2021-01-29,21252000.0,5438000.0,15814000.0,15359000.0,455000.0,0.0,2106000.0,2561000.0,-1511000.0,4072000.0,4072000.0,4.48,4.38,908000.0,930000.0,455000.0,20797000.0,4072000.0,2487900.0,0.0,0.0,0.0,455000.0,3301000.0,5438000.0,2846000.0,4072000.0,1131000.0,0.0,66301000.0,24808000.0,41493000.0,44166000.0,41493000.0,3608000.0,11061000.0,4161000.0,44166000.0,11061000.0,6281000.0,0.0,919000.0,919000.0,4801000.0,-3971000.0,1194000.0,6195000.0,216000.0,96000.0,-710000.0,0.0,0.0,-127000.0,0.0,4091000.0,CRM,2170000.0,2170000.0,585900.0,0.0,0.0,0.0,0.0,0.0,0.0,0.0,0.0,0.0,0.0,0.0,0.0
2020-01-31,0.0,0.0,0.0,0.0,0.0,0.0,0.0,0.0,0.0,0.0,0.0,0.0,0.0,0.0,0.0,0.0,0.0,0.0,0.0,0.0,0.0,0.0,0.0,0.0,0.0,0.0,0.0,0.0,0.0,0.0,0.0,0.0,0.0,0.0,0.0,0.0,0.0,0.0,0.0,0.0,0.0,0.0,0.0,0.0,0.0,0.0,0.0,0.0,0.0,0.0,0.0,0.0,0.0,0.0,0.0,CRM,0.0,0.0,0.0,0.0,0.0,0.0,0.0,0.0,0.0,0.0,0.0,0.0,0.0,0.0,0.0
2024-06-28,245122000.0,74114000.0,171008000.0,61575000.0,109433000.0,222000.0,-1868000.0,107787000.0,19651000.0,88136000.0,88136000.0,11.86,11.8,7431000.0,7469000.0,109433000.0,135689000.0,88136000.0,88585082.0,3157000.0,2935000.0,222000.0,110722000.0,133009000.0,74114000.0,22287000.0,88136000.0,133558000.0,0.0,512163000.0,243686000.0,268477000.0,311165000.0,268477000.0,15497000.0,121660000.0,34448000.0,320107000.0,121660000.0,67127000.0,33315000.0,7434000.0,7434000.0,118548000.0,-96970000.0,-37757000.0,18315000.0,0.0,0.0,-44477000.0,2002000.0,29645000.0,-29070000.0,-17254000.0,74071000.0,MSFT,-549000.0,-549000.0,-99918.0,0.0,0.0,0.0,0.0,0.0,0.0,0.0,0.0,0.0,0.0,0.0,0.0
2023-06-30,211915000.0,65863000.0,146052000.0,57529000.0,88523000.0,1026000.0,-238000.0,89311000.0,16950000.0,72361000.0,72361000.0,9.72,9.68,7446000.0,7472000.0,88523000.0,123392000.0,72361000.0,72373150.0,2994000.0,1968000.0,1026000.0,91279000.0,105140000.0,65863000.0,13861000.0,72361000.0,105155000.0,0.0,411976000.0,205753000.0,206223000.0,248213000.0,206223000.0,12728000.0,128971000.0,80108000.0,253460000.0,128971000.0,59965000.0,12533000.0,7432000.0,7432000.0,87582000.0,-22680000.0,-43935000.0,34704000.0,0.0,0.0,-28107000.0,1866000.0,0.0,-2750000.0,-22245000.0,59475000.0,MSFT,-15000.0,-15000.0,-2850.0,0.0,0.0,0.0,0.0,0.0,0.0,0.0,0.0,0.0,0.0,0.0,0.0
2022-06-30,198270000.0,62650000.0,135620000.0,52237000.0,83383000.0,31000.0,302000.0,83716000.0,10978000.0,72738000.0,72738000.0,9.7,9.65,7496000.0,7540000.0,83383000.0,114887000.0,72738000.0,72447754.0,2094000.0,2063000.0,31000.0,85779000.0,100239000.0,62650000.0,14460000.0,72738000.0,99905000.0,0.0,364840000.0,198298000.0,166542000.0,213574000.0,166542000.0,11489000.0,87720000.0,74602000.0,216323000.0,87720000.0,61270000.0,35850000.0,7464000.0,7464000.0,89035000.0,-30311000.0,-58876000.0,13931000.0,0.0,0.0,-23886000.0,1841000.0,0.0,-9023000.0,-32696000.0,65149000.0,MSFT,334000.0,334000.0,43754.0,0.0,0.0,0.0,0.0,0.0,0.0,0.0,0.0,0.0,0.0,0.0,0.0
2021-06-30,168088000.0,52232000.0,115856000.0,45940000.0,69916000.0,-215000.0,1401000.0,71102000.0,9831000.0,61271000.0,61271000.0,8.12,8.05,7547000.0,7608000.0,69916000.0,98172000.0,61271000.0,60148160.8,2131000.0,2346000.0,-215000.0,73448000.0,85134000.0,52232000.0,11686000.0,61271000.0,83831000.0,0.0,333779000.0,191791000.0,141988000.0,192062000.0,141988000.0,9629000.0,84477000.0,95749000.0,200134000.0,84477000.0,67775000.0,43922000.0,7519000.0,7519000.0,76740000.0,-27577000.0,-48486000.0,14224000.0,0.0,0.0,-20622000.0,1693000.0,0.0,-3750000.0,-27385000.0,56118000.0,MSFT,1303000.0,1303000.0,180160.8,0.0,0.0,0.0,0.0,0.0,0.0,0.0,0.0,0.0,0.0,0.0,0.0
2020-06-30,0.0,0.0,0.0,0.0,0.0,0.0,0.0,0.0,0.0,0.0,0.0,0.0,0.0,0.0,0.0,0.0,0.0,0.0,0.0,0.0,0.0,0.0,0.0,0.0,0.0,0.0,0.0,0.0,0.0,0.0,0.0,0.0,0.0,0.0,0.0,0.0,0.0,0.0,0.0,0.0,0.0,0.0,0.0,0.0,0.0,0.0,0.0,0.0,0.0,0.0,0.0,0.0,0.0,0.0,0.0,MSFT,0.0,0.0,0.0,0.0,0.0,0.0,0.0,0.0,0.0,0.0,0.0,0.0,0.0,0.0,0.0
2024-01-31,4527224.0,1077801.0,3449423.0,2924144.0,525279.0,0.0,307033.0,832312.0,194850.0,637462.0,637462.0,2.12,2.07,300748.16,308519.9,525279.0,4001945.0,637462.0,553378.18,0.0,0.0,0.0,525279.0,629730.0,1077801.0,104451.0,637462.0,519960.0,0.0,9929793.0,1910387.0,8019406.0,8019406.0,8019406.0,72953.0,7639937.0,6164032.0,8019406.0,7639937.0,72953.0,0.0,307558.35,307558.35,1598836.0,-1183689.0,60186.0,1565380.0,348129.0,0.0,-126953.0,0.0,0.0,0.0,0.0,1471883.0,ZM,109770.0,109770.0,25686.18,0.0,0.0,0.0,0.0,0.0,0.0,0.0,0.0,0.0,0.0,0.0,0.0
2023-01-31,4392960.0,1100451.0,3292509.0,3047080.0,245429.0,0.0,3847.0,249276.0,145565.0,103704.0,103704.0,0.35,0.34,296560.5,304231.35,245429.0,4147531.0,103711.0,133392.09,0.0,0.0,0.0,245429.0,327750.0,1100451.0,82321.0,103711.0,365321.0,0.0,8128065.0,1921458.0,6206607.0,6206607.0,6206607.0,96477.0,6027307.0,4617768.0,6206607.0,6027307.0,96477.0,0.0,293822.85,293822.85,1290262.0,-318322.0,-936942.0,1100243.0,309084.0,0.0,-115094.0,0.0,0.0,0.0,-1000003.0,1175168.0,ZM,-37571.0,-37571.0,-7889.91,0.0,0.0,0.0,0.0,0.0,0.0,0.0,0.0,0.0,0.0,0.0,0.0
2022-01-31,4099864.0,1054554.0,3045310.0,1981719.0,1063591.0,0.0,38041.0,1101632.0,-274007.0,1375057.0,1375057.0,4.64,4.5,296334.89,305826.51,1063591.0,3036273.0,1375639.0,1341067.81,0.0,0.0,0.0,1063591.0,1111779.0,1054554.0,48188.0,1375639.0,1068018.0,0.0,7551318.0,1771300.0,5780018.0,5780018.0,5780018.0,105715.0,5728419.0,4604116.0,5780018.0,5728419.0,105715.0,0.0,299037.81,299037.81,1605266.0,-2859097.0,34068.0,1073353.0,38979.0,0.0,-145608.0,0.0,0.0,0.0,0.0,1459658.0,ZM,43761.0,43761.0,9189.81,0.0,0.0,0.0,0.0,0.0,0.0,0.0,0.0,0.0,0.0,0.0,0.0
2021-01-29,2651368.0,821989.0,1829379.0,1169531.0,659848.0,18186.0,18186.0,678034.0,5718.0,671527.0,671527.0,2.37,2.25,283853.65,298127.67,659848.0,1991520.0,672316.0,669798.3,18186.0,0.0,18186.0,659848.0,688705.0,821989.0,28857.0,672316.0,686167.0,0.0,5297993.0,1437226.0,3860767.0,3860767.0,3860767.0,106016.0,3836427.0,3532899.0,3860767.0,3836427.0,106016.0,0.0,293549.22,293549.22,1471177.0,-1562420.0,2050277.0,2293116.0,3181.0,0.0,-85815.0,1979206.0,0.0,0.0,0.0,1385362.0,ZM,2538.0,2538.0,20.3,0.0,0.0,0.0,0.0,0.0,0.0,0.0,0.0,0.0,0.0,0.0,0.0
2020-01-31,0.0,0.0,0.0,0.0,0.0,13666.0,0.0,0.0,0.0,0.0,0.0,0.0,0.0,0.0,0.0,0.0,0.0,0.0,0.0,13666.0,0.0,13666.0,0.0,0.0,0.0,0.0,0.0,0.0,0.0,0.0,0.0,0.0,0.0,0.0,0.0,0.0,0.0,0.0,0.0,0.0,0.0,0.0,0.0,0.0,0.0,0.0,0.0,0.0,0.0,0.0,542492.0,0.0,0.0,0.0,0.0,ZM,0.0,0.0,0.0,0.0,0.0,0.0,0.0,0.0,0.0,0.0,0.0,0.0,0.0,0.0,0.0
2023-12-29,37281000.0,22457000.0,14824000.0,13714000.0,1110000.0,-149000.0,1360000.0,2321000.0,213000.0,1887000.0,1827000.0,0.93,0.87,2035651.0,2091782.0,1110000.0,36171000.0,1887000.0,472336.0,484000.0,633000.0,-149000.0,2954000.0,3777000.0,22457000.0,823000.0,1887000.0,2219000.0,0.0,38699000.0,26017000.0,12682000.0,20708000.0,11249000.0,1740000.0,1673000.0,1843000.0,20708000.0,1673000.0,11199000.0,4779000.0,2071144.0,2071144.0,3585000.0,-3226000.0,-95000.0,7004000.0,234000.0,629000.0,-223000.0,0.0,2824000.0,-2871000.0,0.0,3362000.0,UBER,1558000.0,1558000.0,143336.0,48000.0,-60000.0,0.0,0.0,0.0,0.0,0.0,0.0,0.0,0.0,0.0,0.0
2022-12-30,31877000.0,19659000.0,12218000.0,14050000.0,-1832000.0,-426000.0,-7168000.0,-9426000.0,-181000.0,-9141000.0,-9182000.0,-4.64,-4.65,1972131.0,1974928.0,-1832000.0,33709000.0,-9141000.0,-2108211.0,139000.0,565000.0,-426000.0,-8861000.0,-7914000.0,19659000.0,947000.0,-9141000.0,-745000.0,0.0,32109000.0,23605000.0,8504000.0,16605000.0,7340000.0,1874000.0,-2797000.0,396000.0,16605000.0,-2797000.0,11139000.0,5057000.0,2005486.0,2005486.0,642000.0,-1637000.0,15000.0,6677000.0,175000.0,513000.0,-252000.0,255000.0,0.0,-264000.0,0.0,390000.0,UBER,-7169000.0,-7169000.0,-136211.0,107000.0,-41000.0,0.0,0.0,0.0,0.0,0.0,0.0,0.0,0.0,0.0,0.0
2021-12-31,17455000.0,9351000.0,8104000.0,11938000.0,-3834000.0,-446000.0,3255000.0,-1025000.0,-492000.0,-496000.0,-540000.0,-0.26,-0.29,1892546.0,1895519.0,-3834000.0,21289000.0,-496000.0,-2811560.0,37000.0,483000.0,-446000.0,-542000.0,360000.0,9351000.0,902000.0,-496000.0,-2812000.0,0.0,38774000.0,23425000.0,15349000.0,23734000.0,14458000.0,1829000.0,3626000.0,-205000.0,23734000.0,3626000.0,11105000.0,4981000.0,1949316.0,1949316.0,-445000.0,-1201000.0,1780000.0,7805000.0,87000.0,449000.0,-298000.0,675000.0,1766000.0,-842000.0,0.0,-743000.0,UBER,3172000.0,3172000.0,856440.0,-37000.0,-44000.0,0.0,0.0,0.0,0.0,0.0,0.0,0.0,0.0,0.0,0.0
2020-12-31,11139000.0,5154000.0,5985000.0,10848000.0,-4863000.0,-403000.0,-1680000.0,-6946000.0,-192000.0,-6768000.0,-6768000.0,-3.86,-3.86,1752960.0,1752960.0,-4863000.0,16002000.0,-6768000.0,-5077692.0,55000.0,458000.0,-403000.0,-6488000.0,-5913000.0,5154000.0,575000.0,-6768000.0,-4174000.0,0.0,33252000.0,19498000.0,13754000.0,19826000.0,12266000.0,1719000.0,4593000.0,3017000.0,20174000.0,4593000.0,9627000.0,2261000.0,1716681.0,1716681.0,-2745000.0,-2869000.0,1379000.0,7391000.0,82000.0,412000.0,-616000.0,247000.0,2628000.0,-1642000.0,0.0,-3361000.0,UBER,-1739000.0,-1739000.0,-48692.0,-34000.0,0.0,0.0,0.0,0.0,0.0,0.0,0.0,0.0,0.0,0.0,0.0
2019-12-31,0.0,0.0,0.0,0.0,0.0,0.0,0.0,0.0,0.0,0.0,0.0,0.0,0.0,0.0,0.0,0.0,0.0,0.0,0.0,0.0,0.0,0.0,0.0,0.0,0.0,0.0,0.0,0.0,0.0,0.0,0.0,0.0,0.0,0.0,0.0,0.0,0.0,0.0,0.0,0.0,0.0,0.0,0.0,0.0,0.0,0.0,0.0,0.0,0.0,0.0,0.0,0.0,0.0,-74000.0,0.0,UBER,0.0,0.0,0.0,0.0,0.0,0.0,0.0,0.0,0.0,0.0,0.0,0.0,0.0,0.0,0.0
2023-11-30,19409000.0,2354000.0,17055000.0,10405000.0,6650000.0,156000.0,-7000.0,6799000.0,1371000.0,5428000.0,5428000.0,11.87,11.82,457000.0,459000.0,6650000.0,12759000.0,5428000.0,5434400.0,269000.0,113000.0,156000.0,6912000.0,7784000.0,1650000.0,872000.0,5428000.0,7792000.0,0.0,29779000.0,13261000.0,16518000.0,20152000.0,16518000.0,446000.0,2625000.0,2833000.0,20152000.0,2625000.0,4080000.0,0.0,601000.0,455000.0,7302000.0,776000.0,-5182000.0,7141000.0,1854000.0,106000.0,-360000.0,314000.0,0.0,-500000.0,-4400000.0,6942000.0,ADBE,-8000.0,-8000.0,-1600.0,0.0,0.0,146000.0,0.0,0.0,0.0,0.0,0.0,0.0,0.0,0.0,0.0
2022-11-30,17606000.0,2165000.0,15441000.0,9343000.0,6098000.0,-51000.0,-39000.0,6008000.0,1252000.0,4756000.0,4756000.0,10.13,10.1,470000.0,471000.0,6098000.0,11508000.0,4756000.0,4787600.0,61000.0,112000.0,-51000.0,6120000.0,6976000.0,1478000.0,856000.0,4756000.0,7016000.0,0.0,27165000.0,13114000.0,14051000.0,17680000.0,14051000.0,504000.0,-185000.0,868000.0,18180000.0,-185000.0,4633000.0,0.0,601000.0,462000.0,7838000.0,-570000.0,-6825000.0,4236000.0,778000.0,103000.0,-442000.0,278000.0,0.0,0.0,-6550000.0,7396000.0,ADBE,-40000.0,-40000.0,-8400.0,0.0,0.0,139000.0,0.0,0.0,0.0,0.0,0.0,0.0,0.0,0.0,0.0
2021-11-30,15785000.0,1865000.0,13920000.0,8118000.0,5802000.0,-96000.0,-1000.0,5705000.0,883000.0,4822000.0,4822000.0,10.1,10.02,477000.0,481000.0,5802000.0,9983000.0,4822000.0,4822850.0,17000.0,113000.0,-96000.0,5818000.0,6606000.0,1249000.0,788000.0,4822000.0,6607000.0,0.0,27241000.0,12444000.0,14797000.0,18920000.0,14797000.0,550000.0,309000.0,1737000.0,18920000.0,309000.0,4673000.0,279000.0,601000.0,475000.0,7230000.0,-3537000.0,-4301000.0,3844000.0,843000.0,100000.0,-348000.0,291000.0,0.0,0.0,-3950000.0,6882000.0,ADBE,-1000.0,-1000.0,-150.0,0.0,0.0,126000.0,0.0,0.0,0.0,0.0,0.0,0.0,0.0,0.0,0.0
2020-11-30,12868000.0,1722000.0,11146000.0,6909000.0,4237000.0,-73000.0,12000.0,4176000.0,-1084000.0,5260000.0,5260000.0,10.94,10.83,481000.0,485000.0,4237000.0,8631000.0,5260000.0,5251970.0,43000.0,116000.0,-73000.0,4292000.0,5049000.0,1127000.0,757000.0,5260000.0,5038000.0,0.0,24284000.0,11020000.0,13264000.0,17381000.0,13264000.0,591000.0,1163000.0,2634000.0,17381000.0,1163000.0,4708000.0,0.0,601000.0,479000.0,5727000.0,-414000.0,-3488000.0,4478000.0,469000.0,88000.0,-419000.0,270000.0,3144000.0,-3150000.0,-3050000.0,5308000.0,ADBE,11000.0,11000.0,2970.0,0.0,0.0,122000.0,0.0,0.0,0.0,0.0,0.0,0.0,0.0,0.0,0.0
2019-11-29,0.0,0.0,0.0,0.0,0.0,0.0,0.0,0.0,0.0,0.0,0.0,0.0,0.0,0.0,0.0,0.0,0.0,0.0,0.0,0.0,0.0,0.0,0.0,0.0,0.0,0.0,0.0,0.0,0.0,0.0,0.0,0.0,0.0,0.0,0.0,0.0,0.0,0.0,0.0,0.0,1488000.0,0.0,0.0,0.0,0.0,0.0,0.0,0.0,0.0,0.0,0.0,0.0,0.0,0.0,0.0,ADBE,0.0,0.0,0.0,0.0,0.0,0.0,0.0,0.0,0.0,0.0,0.0,0.0,0.0,0.0,0.0
2023-12-29,2501600.0,478500.0,2023100.0,1639600.0,383500.0,19400.0,151500.0,554400.0,100800.0,453600.0,453600.0,1.33,1.31,341200.0,345600.0,538700.0,2118100.0,453600.0,326618.18,0.0,0.0,19400.0,383500.0,553500.0,478500.0,170000.0,453600.0,398300.0,0.0,2983500.0,3149300.0,-165800.0,1212000.0,-165800.0,652800.0,-626100.0,315100.0,1212000.0,-626100.0,2030600.0,762900.0,336700.0,336700.0,783700.0,395200.0,-799200.0,614900.0,68200.0,10500.0,-24600.0,2500.0,0.0,-126600.0,-539900.0,759100.0,DBX,155200.0,155200.0,28218.18,0.0,0.0,0.0,0.0,0.0,0.0,0.0,0.0,0.0,0.0,0.0,0.0
2022-12-30,2324900.0,444200.0,1880700.0,1524200.0,356500.0,3300.0,-167100.0,192700.0,-360500.0,553200.0,553200.0,1.53,1.52,361200.0,363300.0,181300.0,1968400.0,553200.0,691608.0,0.0,0.0,3300.0,356500.0,513600.0,444200.0,157100.0,553200.0,688800.0,0.0,3110100.0,3419500.0,-309400.0,1064600.0,-309400.0,920600.0,-801000.0,293300.0,1064600.0,-801000.0,2294600.0,1141200.0,349400.0,349400.0,797300.0,-48500.0,-1041800.0,232800.0,27600.0,8200.0,-34900.0,500.0,0.0,-127500.0,-795400.0,762400.0,DBX,-175200.0,-175200.0,-36792.0,0.0,0.0,0.0,0.0,0.0,0.0,0.0,0.0,0.0,0.0,0.0,0.0
2021-12-31,2157900.0,444200.0,1713700.0,1408000.0,305700.0,-5200.0,-1200.0,299300.0,-36500.0,335800.0,335800.0,0.87,0.85,388000.0,395800.0,274400.0,1852200.0,335800.0,358649.0,0.0,0.0,-5200.0,305700.0,457100.0,444200.0,151400.0,335800.0,488400.0,0.0,3091300.0,3385200.0,-293900.0,1076400.0,-293900.0,998400.0,-704100.0,674000.0,1076400.0,-704100.0,2368700.0,837300.0,375500.0,375500.0,729800.0,-524800.0,16200.0,533000.0,4200.0,8500.0,-28900.0,6900.0,1389100.0,-375700.0,-1058500.0,700900.0,DBX,-31300.0,-31300.0,-8451.0,0.0,0.0,0.0,0.0,0.0,0.0,0.0,0.0,0.0,0.0,0.0,0.0
2020-12-31,1913900.0,414600.0,1499300.0,1378100.0,121200.0,1700.0,-373100.0,-250200.0,6100.0,-256300.0,-256300.0,-0.62,-0.62,414300.0,414300.0,-277000.0,1792700.0,-256300.0,34386.0,0.0,0.0,1700.0,121200.0,280500.0,414600.0,159300.0,-256300.0,678700.0,0.0,2387200.0,2053400.0,333800.0,333800.0,333800.0,1119500.0,63400.0,139700.0,333800.0,63400.0,1119500.0,0.0,405800.0,405800.0,570800.0,-233600.0,-577700.0,314900.0,5000.0,9600.0,-80300.0,2300.0,0.0,-89500.0,-397500.0,490500.0,DBX,-398200.0,-398200.0,-107514.0,0.0,0.0,0.0,0.0,0.0,0.0,0.0,0.0,0.0,0.0,0.0,0.0
2019-12-31,0.0,0.0,0.0,0.0,0.0,0.0,0.0,0.0,0.0,0.0,0.0,0.0,0.0,0.0,0.0,0.0,0.0,0.0,0.0,0.0,0.0,0.0,0.0,0.0,0.0,0.0,0.0,0.0,0.0,0.0,0.0,0.0,0.0,0.0,0.0,0.0,0.0,0.0,0.0,0.0,0.0,0.0,0.0,0.0,0.0,0.0,0.0,0.0,0.0,0.0,0.0,0.0,0.0,0.0,0.0,DBX,0.0,0.0,0.0,0.0,0.0,0.0,0.0,0.0,0.0,0.0,0.0,0.0,0.0,0.0,0.0
2024-05-31,52961000.0,15143000.0,37818000.0,21747000.0,16071000.0,-3063000.0,-1267000.0,11741000.0,1274000.0,10467000.0,10467000.0,3.82,3.71,2744000.0,2823000.0,15353000.0,36890000.0,10467000.0,11579859.0,451000.0,3514000.0,-3063000.0,15255000.0,21394000.0,12014000.0,6139000.0,10467000.0,22643000.0,0.0,140976000.0,131737000.0,9239000.0,84968000.0,8704000.0,0.0,-60416000.0,-8990000.0,95573000.0,-60416000.0,86869000.0,76415000.0,2755000.0,2755000.0,18673000.0,-7360000.0,-10554000.0,10454000.0,3560000.0,3655000.0,-6866000.0,742000.0,0.0,-3500000.0,-3242000.0,11807000.0,ORCL,-1249000.0,-1249000.0,-136141.0,0.0,0.0,0.0,0.0,0.0,0.0,0.0,0.0,0.0,0.0,0.0,0.0
2023-05-31,49954000.0,13564000.0,36390000.0,22617000.0,13773000.0,-3220000.0,-1427000.0,9126000.0,623000.0,8503000.0,8503000.0,3.15,3.07,2696000.0,2766000.0,13093000.0,36181000.0,8503000.0,9673592.0,285000.0,3505000.0,-3220000.0,12631000.0,18739000.0,11038000.0,6108000.0,8503000.0,19995000.0,0.0,134384000.0,132828000.0,1556000.0,87493000.0,1073000.0,0.0,-71025000.0,-2086000.0,91554000.0,-71025000.0,90481000.0,80716000.0,2713000.0,2713000.0,17165000.0,-36484000.0,7910000.0,9765000.0,3009000.0,3250000.0,-8695000.0,1192000.0,33494000.0,-21050000.0,-2503000.0,8470000.0,ORCL,-1256000.0,-1256000.0,-85408.0,0.0,0.0,0.0,0.0,0.0,0.0,0.0,0.0,0.0,0.0,0.0,0.0
2022-05-31,42440000.0,8877000.0,33563000.0,17733000.0,15830000.0,-2661000.0,-5520000.0,7649000.0,932000.0,6717000.0,6717000.0,2.49,2.41,2700000.0,2786000.0,10926000.0,26610000.0,6717000.0,11326500.0,94000.0,2755000.0,-2661000.0,10404000.0,13526000.0,6905000.0,3122000.0,6717000.0,18776000.0,0.0,109297000.0,115065000.0,-5768000.0,65913000.0,-6220000.0,0.0,-51471000.0,12122000.0,69662000.0,-51471000.0,75882000.0,54499000.0,2665000.0,2665000.0,9539000.0,11220000.0,-29126000.0,21383000.0,2567000.0,2735000.0,-4511000.0,482000.0,0.0,-8250000.0,-17341000.0,5028000.0,ORCL,-5250000.0,-5250000.0,-640500.0,0.0,0.0,0.0,0.0,0.0,0.0,0.0,0.0,0.0,0.0,0.0,0.0
2021-05-31,40479000.0,7855000.0,32624000.0,16842000.0,15782000.0,-2395000.0,-388000.0,12999000.0,-747000.0,13746000.0,13746000.0,4.67,4.55,2945000.0,3022000.0,15213000.0,24697000.0,13746000.0,14051870.0,101000.0,2496000.0,-2395000.0,15495000.0,18411000.0,6318000.0,2916000.0,13746000.0,18830000.0,0.0,131107000.0,125155000.0,5952000.0,81233000.0,5238000.0,0.0,-41127000.0,31403000.0,89483000.0,-41127000.0,84245000.0,54147000.0,2814000.0,2814000.0,15887000.0,-13098000.0,-10378000.0,30098000.0,3189000.0,2408000.0,-2135000.0,1786000.0,14934000.0,-2631000.0,-21600000.0,13752000.0,ORCL,-419000.0,-419000.0,-113130.0,0.0,0.0,0.0,0.0,0.0,0.0,0.0,0.0,0.0,0.0,0.0,0.0
2020-05-29,0.0,0.0,0.0,0.0,0.0,0.0,0.0,0.0,0.0,0.0,0.0,0.0,0.0,0.0,0.0,0.0,0.0,0.0,0.0,0.0,0.0,0.0,0.0,0.0,0.0,0.0,0.0,0.0,0.0,0.0,0.0,0.0,0.0,0.0,0.0,0.0,0.0,0.0,0.0,0.0,0.0,0.0,0.0,0.0,0.0,0.0,0.0,0.0,0.0,0.0,0.0,0.0,0.0,0.0,0.0,ORCL,0.0,0.0,0.0,0.0,0.0,0.0,0.0,0.0,0.0,0.0,0.0,0.0,0.0,0.0,0.0
2023-08-31,64111745.0,43380138.0,20731607.0,11921718.0,8809889.0,232884.0,96559.0,9139332.0,2135802.0,6871557.0,6878761.0,10.9,10.77,630608.19,638591.62,8809889.0,55301856.0,6871557.0,6871557.0,280409.0,47525.0,232884.0,9186857.0,10587612.0,43380138.0,1400755.0,6871557.0,10587612.0,0.0,51245305.0,24786712.0,26458593.0,25735932.0,25692839.0,3001131.0,8046879.0,5372893.0,25840742.0,8046879.0,3149034.0,0.0,664616.29,628265.15,9524268.0,-2622470.0,-5645326.0,9045032.0,2315920.0,46505.0,-528172.0,1501069.0,0.0,0.0,-4330403.0,8996096.0,ACN,0.0,0.0,0.0,0.0,7204.0,36351.14,0.0,0.0,0.0,0.0,0.0,0.0,0.0,0.0,0.0
2022-08-31,61594305.0,41892766.0,19701539.0,10334358.0,9367181.0,-2187.0,-168827.0,9196167.0,2207207.0,6877169.0,6884517.0,10.87,10.71,632762.71,642839.18,9367181.0,52227124.0,6877169.0,6950352.44,45133.0,47320.0,-2187.0,9243487.0,10554225.0,41892766.0,1310738.0,6877169.0,10650519.0,0.0,47263390.0,24516302.0,22747088.0,22151990.0,22106097.0,3270688.0,7041996.0,4087375.0,22161165.0,7041996.0,3325756.0,0.0,664561.28,631167.58,9541129.0,-4260629.0,-5311026.0,7889833.0,1778922.0,45970.0,-717998.0,1349064.0,0.0,0.0,-4116378.0,8823131.0,ACN,-96294.0,-96294.0,-23110.56,0.0,7348.0,33393.7,0.0,0.0,0.0,0.0,0.0,0.0,0.0,0.0,0.0
2021-08-31,50533389.0,34169261.0,16364128.0,8742599.0,7621529.0,-26127.0,165714.0,7761116.0,1770571.0,5906809.0,5913348.0,9.31,9.16,634745.07,645909.04,7621529.0,42911860.0,5906809.0,5906809.0,33365.0,59492.0,-26127.0,7820608.0,9711850.0,34169261.0,1891242.0,5906809.0,9711850.0,0.0,43175843.0,23078729.0,20097114.0,19582927.0,19529454.0,3441081.0,8403593.0,3957644.0,19595007.0,8403593.0,3506634.0,0.0,656590.63,632085.96,8975148.0,-4309766.0,-4926337.0,8168174.0,1566753.0,36132.0,-580132.0,1065775.0,0.0,0.0,-3703124.0,8395016.0,ACN,0.0,0.0,0.0,0.0,6539.0,24504.67,0.0,0.0,0.0,0.0,0.0,0.0,0.0,0.0,0.0
2020-08-31,44327039.0,30350881.0,13976158.0,7462514.0,6513644.0,36260.0,224427.0,6774331.0,1589018.0,5107839.0,5114164.0,8.03,7.89,636299.91,647797.0,6513644.0,37813395.0,5107839.0,5107839.0,69331.0,33071.0,36260.0,6807402.0,8580526.0,30350881.0,1773124.0,5107839.0,8580526.0,0.0,37078593.0,19579420.0,17499173.0,17054588.0,17000536.0,3423641.0,9290716.0,5087166.0,17062408.0,9290716.0,3485513.0,0.0,658548.9,634165.53,8215152.0,-1894519.0,-4049092.0,8415330.0,1360030.0,28493.0,-599132.0,955308.0,0.0,0.0,-2915847.0,7616020.0,ACN,0.0,0.0,0.0,0.0,6325.0,24383.37,0.0,0.0,0.0,0.0,0.0,0.0,0.0,0.0,0.0
2019-08-30,0.0,0.0,0.0,0.0,0.0,0.0,0.0,0.0,0.0,0.0,0.0,0.0,0.0,0.0,0.0,0.0,0.0,0.0,0.0,0.0,0.0,0.0,0.0,0.0,0.0,0.0,0.0,0.0,0.0,0.0,0.0,0.0,0.0,0.0,0.0,0.0,0.0,0.0,0.0,0.0,0.0,0.0,0.0,0.0,0.0,0.0,0.0,0.0,0.0,0.0,0.0,0.0,0.0,0.0,0.0,ACN,0.0,0.0,0.0,0.0,0.0,0.0,0.0,0.0,0.0,0.0,0.0,0.0,0.0,0.0,0.0
2023-12-29,2095939.0,1340178.0,755761.0,537991.0,217770.0,-9819.0,-9932.0,198019.0,39511.0,158538.0,158538.0,3.72,3.64,42601.0,43594.0,198962.0,1878169.0,158538.0,166741.2,4777.0,20072.0,-9819.0,218091.0,357952.0,1311581.0,139861.0,158538.0,368206.0,0.0,2735355.0,948739.0,1786616.0,1731855.0,1729664.0,118736.0,330441.0,246461.0,1888771.0,330441.0,277843.0,0.0,43241.19,43086.28,318524.0,-350361.0,44530.0,307223.0,0.0,0.0,-126801.0,0.0,395621.0,-310297.0,-11523.0,191723.0,GLOB,-10254.0,-10254.0,-2050.8,0.0,0.0,154.91,9149.0,0.0,0.0,0.0,0.0,0.0,0.0,0.0,0.0
2022-12-30,1780243.0,1110848.0,669395.0,456324.0,213071.0,163.0,-20350.0,192884.0,43405.0,148891.0,148891.0,3.55,3.47,41929.0,42855.0,206707.0,1567172.0,148891.0,165612.4,2832.0,14035.0,163.0,206919.0,314852.0,1087536.0,107933.0,148891.0,336428.0,0.0,2195789.0,639629.0,1556160.0,1508414.0,1507553.0,135138.0,590029.0,429024.0,1511252.0,590029.0,138837.0,0.0,42434.72,42269.66,197524.0,-269304.0,-65680.0,292457.0,0.0,0.0,-95430.0,0.0,0.0,-38833.0,-9316.0,102094.0,GLOB,-21576.0,-21576.0,-4854.6,0.0,0.0,165.06,7448.0,0.0,0.0,0.0,0.0,0.0,0.0,0.0,0.0
2021-12-31,1297078.0,802090.0,494988.0,343004.0,151984.0,-11348.0,-15784.0,124852.0,28497.0,96065.0,96065.0,2.35,2.28,40940.0,42076.0,144433.0,1145094.0,96065.0,108410.74,652.0,10480.0,-11348.0,135332.0,215618.0,787968.0,80286.0,96065.0,231615.0,0.0,1884531.0,576218.0,1308313.0,1307310.0,1305375.0,134485.0,635908.0,433301.0,1317615.0,635908.0,146725.0,0.0,41890.9,41733.2,178974.0,-272880.0,243986.0,427804.0,0.0,0.0,-77634.0,286207.0,13500.0,-51170.0,-7256.0,101340.0,GLOB,-15997.0,-15997.0,-3651.26,0.0,0.0,157.7,6045.0,0.0,0.0,0.0,0.0,0.0,0.0,0.0,0.0
2020-12-31,814139.0,509812.0,304327.0,217222.0,87105.0,1070.0,-11651.0,76524.0,22307.0,54217.0,54217.0,1.41,1.37,38515.0,39717.0,83942.0,727034.0,54217.0,62331.41,1920.0,8875.0,1070.0,85399.0,133879.0,500053.0,48480.0,54217.0,145332.0,0.0,1288767.0,408828.0,879939.0,905000.0,879939.0,87598.0,400458.0,329969.0,905907.0,400458.0,113566.0,0.0,40022.94,39884.79,99872.0,-124015.0,241546.0,278939.0,0.0,0.0,-53462.0,300880.0,155108.0,-217569.0,0.0,46410.0,GLOB,-11453.0,-11453.0,-3338.59,0.0,0.0,138.15,5762.0,0.0,0.0,0.0,0.0,0.0,0.0,0.0,0.0
2019-12-31,0.0,0.0,0.0,0.0,0.0,0.0,0.0,0.0,0.0,0.0,0.0,0.0,0.0,0.0,0.0,0.0,0.0,0.0,0.0,0.0,0.0,0.0,0.0,0.0,0.0,0.0,0.0,0.0,0.0,0.0,0.0,0.0,0.0,0.0,0.0,0.0,0.0,0.0,0.0,0.0,0.0,0.0,0.0,0.0,0.0,0.0,0.0,0.0,0.0,0.0,0.0,0.0,0.0,0.0,0.0,GLOB,0.0,0.0,0.0,0.0,0.0,0.0,0.0,0.0,0.0,0.0,0.0,0.0,0.0,0.0,0.0
2023-12-29,9917000.0,1703000.0,8214000.0,6696000.0,1518000.0,638000.0,-54000.0,2102000.0,-2690000.0,4792000.0,4792000.0,7.52,7.24,637000.0,662000.0,1518000.0,8399000.0,4792000.0,4792000.0,721000.0,83000.0,638000.0,2185000.0,2229000.0,1703000.0,44000.0,4792000.0,2229000.0,0.0,20645000.0,12480000.0,8165000.0,10156000.0,8165000.0,313000.0,7373000.0,6559000.0,10156000.0,7373000.0,2304000.0,0.0,638000.0,638000.0,3884000.0,-1042000.0,-2430000.0,12667000.0,132000.0,55000.0,0.0,0.0,0.0,0.0,-2252000.0,3884000.0,ABNB,0.0,0.0,0.0,0.0,0.0,9200.0,0.0,0.0,0.0,0.0,0.0,0.0,0.0,0.0,0.0
2022-12-30,8399000.0,1499000.0,6900000.0,5009000.0,1891000.0,162000.0,-64000.0,1989000.0,96000.0,1893000.0,1893000.0,2.97,2.79,637000.0,680000.0,1802000.0,6508000.0,1893000.0,1977728.0,186000.0,24000.0,162000.0,2013000.0,2094000.0,1499000.0,81000.0,1893000.0,2183000.0,0.0,16038000.0,10478000.0,5560000.0,7547000.0,5560000.0,354000.0,4876000.0,6883000.0,7547000.0,4876000.0,2341000.0,0.0,640000.0,631000.0,3430000.0,-28000.0,-689000.0,12103000.0,68000.0,8000.0,-25000.0,0.0,0.0,0.0,-1500000.0,3430000.0,ABNB,-89000.0,-89000.0,-4272.0,0.0,0.0,9000.0,0.0,0.0,0.0,0.0,0.0,0.0,0.0,0.0,0.0
2021-12-31,5992000.0,1156000.0,4836000.0,4294000.0,542000.0,-425000.0,-417000.0,-300000.0,52000.0,-352000.0,-352000.0,-0.57,-0.57,615891.0,615891.0,429000.0,5450000.0,-352000.0,-269510.0,13000.0,438000.0,-425000.0,138000.0,276000.0,1156000.0,138000.0,-352000.0,389000.0,0.0,13708000.0,8933000.0,4775000.0,6758000.0,4775000.0,435000.0,4070000.0,6027000.0,6758000.0,4070000.0,2418000.0,0.0,642724.0,633524.0,2313000.0,-1352000.0,1308000.0,9727000.0,17000.0,50000.0,-25322.0,0.0,1979000.0,-2208000.0,0.0,2313000.0,ABNB,-113000.0,-113000.0,-30510.0,0.0,0.0,9200.0,0.0,0.0,0.0,0.0,0.0,0.0,0.0,0.0,0.0
2020-12-31,3378199.0,876042.0,2502157.0,5940949.0,-3438792.0,-144571.0,-1098575.0,-4681938.0,-97222.0,-4584716.0,-4584716.0,-16.12,-16.12,284363.0,284363.0,-3590147.0,6816991.0,-4584716.0,-4436539.46,27117.0,171688.0,-144571.0,-4510250.0,-4384374.0,876042.0,125876.0,-4584716.0,-4233019.0,0.0,10491499.0,7589716.0,2901783.0,4717345.0,2901783.0,487491.0,2170096.0,3776607.0,4744100.0,2170096.0,2329808.0,0.0,608397.0,599197.0,-629732.0,79590.0,2940814.0,7668252.0,15103.0,129798.0,-37371.0,3650870.0,1928880.0,-5000.0,0.0,-667103.0,ABNB,-151355.0,-151355.0,-3178.46,0.0,0.0,9200.0,0.0,0.0,0.0,0.0,0.0,0.0,0.0,0.0,0.0
2019-12-31,0.0,0.0,0.0,0.0,0.0,0.0,0.0,0.0,0.0,0.0,0.0,0.0,0.0,0.0,0.0,0.0,0.0,0.0,0.0,0.0,0.0,0.0,0.0,0.0,0.0,0.0,0.0,0.0,0.0,0.0,0.0,0.0,0.0,0.0,0.0,0.0,0.0,0.0,0.0,0.0,0.0,0.0,0.0,0.0,0.0,0.0,0.0,0.0,0.0,-125452.0,0.0,0.0,0.0,0.0,0.0,ABNB,0.0,0.0,0.0,0.0,0.0,0.0,0.0,0.0,0.0,0.0,0.0,0.0,0.0,0.0,0.0
2023-12-29,21365000.0,0.0,0.0,15530000.0,5835000.0,123000.0,-477000.0,5481000.0,1192000.0,4289000.0,4289000.0,118.67,117.4,36140.0,36530.0,5835000.0,15530000.0,4289000.0,4663578.0,1020000.0,897000.0,123000.0,6378000.0,7043000.0,0.0,665000.0,4289000.0,7522000.0,0.0,24342000.0,27086000.0,-2744000.0,9479000.0,-2744000.0,599000.0,-7183000.0,3704000.0,11440000.0,-7183000.0,14783000.0,2077000.0,64048.0,34397.65,7344000.0,1486000.0,-8909000.0,12135000.0,1789000.0,842000.0,-345000.0,0.0,1893000.0,-500000.0,-10377000.0,6999000.0,BKNG,-479000.0,-479000.0,-104422.0,0.0,0.0,29650.35,0.0,0.0,0.0,0.0,0.0,0.0,0.0,0.0,0.0
2022-12-30,17090000.0,0.0,0.0,11988000.0,5102000.0,-172000.0,-1007000.0,3923000.0,865000.0,3058000.0,3058000.0,76.7,76.35,39872.0,40052.0,5102000.0,11988000.0,3058000.0,3841674.0,219000.0,391000.0,-172000.0,4314000.0,4921000.0,0.0,607000.0,3058000.0,5927000.0,0.0,25361000.0,22579000.0,2782000.0,14767000.0,2782000.0,552000.0,-1854000.0,7324000.0,15267000.0,-1854000.0,13037000.0,264000.0,63780.53,37862.97,6554000.0,-518000.0,-4897000.0,12251000.0,600000.0,380000.0,-368000.0,0.0,3621000.0,-1880000.0,-6621000.0,6186000.0,BKNG,-1006000.0,-1006000.0,-222326.0,0.0,0.0,25917.56,0.0,0.0,0.0,0.0,0.0,0.0,0.0,0.0,0.0
2021-12-31,10958000.0,0.0,0.0,8462000.0,2496000.0,-318000.0,-713000.0,1465000.0,300000.0,1165000.0,1165000.0,28.39,28.17,41042.0,41362.0,2496000.0,8462000.0,1165000.0,1721500.0,16000.0,334000.0,-318000.0,1799000.0,2398000.0,0.0,599000.0,1165000.0,3098000.0,0.0,23641000.0,17463000.0,6178000.0,15115000.0,6178000.0,351000.0,1234000.0,6899000.0,17104000.0,1234000.0,11277000.0,0.0,63584.44,41066.05,2820000.0,-998000.0,-1239000.0,11152000.0,735000.0,318000.0,-304000.0,0.0,2015000.0,-3068000.0,-163000.0,2516000.0,BKNG,-700000.0,-700000.0,-143500.0,0.0,0.0,22518.39,0.0,0.0,0.0,0.0,0.0,0.0,0.0,0.0,0.0
2020-12-31,6796000.0,0.0,0.0,6216000.0,580000.0,-302000.0,289000.0,567000.0,508000.0,59000.0,59000.0,1.45,1.44,40974.0,41160.0,-631000.0,6216000.0,59000.0,-156350.0,54000.0,356000.0,-302000.0,923000.0,1565000.0,0.0,642000.0,59000.0,1270000.0,0.0,21874000.0,16981000.0,4893000.0,15922000.0,4893000.0,366000.0,1186000.0,8781000.0,16907000.0,1186000.0,12380000.0,1452000.0,63406.45,40959.55,85000.0,2637000.0,1528000.0,10582000.0,319000.0,278000.0,-286000.0,0.0,4108000.0,-1244000.0,-1303000.0,-201000.0,BKNG,295000.0,295000.0,79650.0,0.0,0.0,22446.9,0.0,0.0,0.0,0.0,0.0,0.0,0.0,0.0,0.0
2019-12-31,0.0,0.0,0.0,0.0,0.0,0.0,0.0,0.0,0.0,0.0,0.0,0.0,0.0,0.0,0.0,0.0,0.0,0.0,0.0,0.0,0.0,0.0,0.0,0.0,0.0,0.0,0.0,0.0,0.0,0.0,0.0,0.0,0.0,0.0,0.0,0.0,0.0,0.0,0.0,0.0,2316000.0,0.0,0.0,0.0,0.0,0.0,0.0,0.0,0.0,0.0,0.0,0.0,0.0,0.0,0.0,BKNG,0.0,0.0,0.0,0.0,0.0,0.0,0.0,0.0,0.0,0.0,0.0,0.0,0.0,0.0,0.0
2024-01-31,9619278.0,4009873.0,5609405.0,3402228.0,2207177.0,0.0,-31442.0,2175735.0,625545.0,1550190.0,1550190.0,12.23,12.2,126726.0,127060.0,2132676.0,7412101.0,1550190.0,1603234.71,0.0,0.0,0.0,2207177.0,2586561.0,3635499.0,379384.0,1550190.0,2661062.0,0.0,7091941.0,2859860.0,4232081.0,4232081.0,4232081.0,1403282.0,4207998.0,2429316.0,4232081.0,4207998.0,1403282.0,0.0,126222.0,126222.0,2296164.0,-654132.0,-548828.0,2243971.0,824213.0,234.0,-651865.0,0.0,0.0,0.0,-558652.0,1644299.0,LULU,-74501.0,-74501.0,-21456.29,0.0,0.0,0.0,0.0,0.0,0.0,0.0,0.0,0.0,0.0,0.0,0.0
2023-01-31,8110518.0,3618178.0,4492340.0,2766199.0,1726141.0,0.0,-393570.0,1332571.0,477771.0,854800.0,854800.0,6.7,6.68,127666.0,128017.0,1328408.0,6384377.0,854800.0,1109746.85,0.0,0.0,0.0,1726141.0,2017932.0,3335139.0,291791.0,854800.0,2415665.0,0.0,5607038.0,2458239.0,3148799.0,3148799.0,3148799.0,1070334.0,3102694.0,1667255.0,3148799.0,3102694.0,1070334.0,0.0,127321.0,127321.0,966463.0,-569937.0,-467487.0,1154867.0,502136.0,116.0,-638657.0,0.0,0.0,0.0,-444001.0,327806.0,LULU,-397733.0,-397733.0,-142786.15,0.0,0.0,0.0,0.0,0.0,0.0,0.0,0.0,0.0,0.0,0.0,0.0
2022-01-31,6256617.0,2648052.0,3608565.0,2233816.0,1374749.0,0.0,-40880.0,1333869.0,358547.0,975322.0,975322.0,7.52,7.49,129768.0,130295.0,1333355.0,4881868.0,975322.0,1005581.01,0.0,0.0,0.0,1374749.0,1598955.0,2432628.0,224206.0,975322.0,1640349.0,0.0,4942478.0,2202432.0,2740046.0,2740046.0,2740046.0,881052.0,2281867.0,1209519.0,2740046.0,2281867.0,881052.0,0.0,128500.0,128500.0,1389108.0,-427891.0,-844987.0,1259871.0,245213.0,12.0,-394502.0,0.0,0.0,0.0,-812602.0,994606.0,LULU,-41394.0,-41394.0,-11134.99,0.0,0.0,0.0,0.0,0.0,0.0,0.0,0.0,0.0,0.0,0.0,0.0
2021-01-29,4401879.0,1937888.0,2463991.0,1614163.0,849828.0,0.0,-30478.0,819350.0,230437.0,588913.0,588913.0,4.52,4.5,130289.0,130871.0,819986.0,3552051.0,588913.0,610369.4,0.0,0.0,0.0,849828.0,1035306.0,1757570.0,185478.0,588913.0,1065148.0,0.0,4185215.0,1626649.0,2558566.0,2558566.0,2558566.0,798681.0,2091609.0,1241201.0,2558566.0,2091609.0,798681.0,0.0,130353.0,130353.0,803336.0,-695532.0,-80788.0,1150517.0,0.0,0.0,-229226.0,0.0,0.0,0.0,-96051.0,574110.0,LULU,-29842.0,-29842.0,-8385.6,0.0,0.0,0.0,0.0,0.0,0.0,0.0,0.0,0.0,0.0,0.0,0.0
2020-01-31,0.0,0.0,0.0,0.0,0.0,0.0,0.0,0.0,0.0,0.0,0.0,0.0,0.0,0.0,0.0,0.0,0.0,0.0,0.0,0.0,0.0,0.0,0.0,0.0,0.0,0.0,0.0,0.0,0.0,0.0,0.0,0.0,0.0,0.0,0.0,0.0,0.0,0.0,0.0,0.0,0.0,0.0,0.0,0.0,0.0,0.0,0.0,305493.0,325.0,0.0,0.0,0.0,0.0,0.0,0.0,LULU,0.0,0.0,0.0,0.0,0.0,0.0,0.0,0.0,0.0,0.0,0.0,0.0,0.0,0.0,0.0
2023-06-30,1388365.0,1037070.0,351295.0,206511.0,144784.0,-2962.0,-331.0,141491.0,33581.0,104513.0,104513.0,5.1,5.06,20501.84,20641.17,144784.0,1243581.0,104513.0,104513.0,0.0,2962.0,-2962.0,144453.0,173173.0,1015158.0,28720.0,104513.0,173173.0,0.0,925924.0,310171.0,615753.0,607882.0,607882.0,2324.0,285847.0,93896.0,607882.0,285847.0,2324.0,0.0,20603.82,20603.82,184733.0,-54638.0,-134574.0,78937.0,50515.0,3061.0,-54840.0,0.0,241700.0,-361825.0,-7868.0,129893.0,MBUU,0.0,0.0,0.0,0.0,0.0,0.0,0.0,0.0,0.0,0.0,0.0,0.0,0.0,0.0,0.0
2022-06-30,1214877.0,904826.0,310051.0,96228.0,213823.0,-2875.0,-983.0,209965.0,46535.0,157632.0,157632.0,7.6,7.51,20749.24,20986.26,213823.0,1001054.0,157632.0,157632.0,0.0,2875.0,-2875.0,212840.0,239162.0,885461.0,26322.0,157632.0,239162.0,0.0,851326.0,337758.0,513568.0,621228.0,503174.0,2121.0,174066.0,159198.0,622791.0,174066.0,121738.0,35873.0,20501.08,20501.08,164846.0,-61621.0,-60380.0,83744.0,42064.0,2294.0,-55064.0,0.0,72000.0,-96250.0,-34642.0,109782.0,MBUU,0.0,0.0,0.0,0.0,0.0,0.0,0.0,0.0,0.0,0.0,0.0,0.0,0.0,0.0,0.0
2021-06-30,926515.0,690030.0,236485.0,86710.0,149775.0,-2529.0,1015.0,148261.0,33979.0,109841.0,109841.0,5.29,5.23,20752.65,21011.09,149775.0,776740.0,109841.0,109841.0,0.0,2529.0,-2529.0,150790.0,173681.0,674394.0,22891.0,109841.0,173681.0,0.0,742784.0,361630.0,381154.0,512453.0,373428.0,2027.0,37032.0,78380.0,516703.0,37032.0,145302.0,101796.0,20847.02,20847.02,131314.0,-181095.0,57346.0,41479.0,23469.0,2021.0,-30677.0,0.0,90000.0,-29425.0,0.0,100637.0,MBUU,0.0,0.0,0.0,0.0,0.0,0.0,0.0,0.0,0.0,0.0,0.0,0.0,0.0,0.0,0.0
2020-06-30,653163.0,503893.0,149270.0,63960.0,85310.0,-3888.0,2310.0,83732.0,19076.0,61562.0,61562.0,2.98,2.95,20662.75,20852.36,85310.0,567853.0,61562.0,61562.0,0.0,3888.0,-3888.0,87620.0,106000.0,491644.0,18380.0,61562.0,106000.0,0.0,477346.0,215819.0,261527.0,337419.0,254580.0,2006.0,63415.0,54291.0,337419.0,63415.0,84845.0,49052.0,20595.97,20595.97,94141.0,-40394.0,-47323.0,33787.0,10529.0,3810.0,-41291.0,0.0,103800.0,-135000.0,-13833.0,52850.0,MBUU,0.0,0.0,0.0,0.0,0.0,0.0,0.0,0.0,0.0,0.0,0.0,0.0,0.0,0.0,0.0
2024-01-31,10367000.0,7765700.0,2601300.0,1306900.0,1294400.0,-170000.0,-170300.0,954100.0,209600.0,743400.0,743400.0,9.63,9.47,77166.51,78523.79,1157000.0,9072600.0,743400.0,876287.9,16600.0,181100.0,-170000.0,1135200.0,1526900.0,7765700.0,391700.0,743400.0,1697200.0,0.0,6775500.0,5961600.0,813900.0,3513900.0,808900.0,188300.0,143800.0,1023700.0,3572000.0,143800.0,2951400.0,2271300.0,74956.47,74956.47,1658100.0,-574900.0,-796800.0,491800.0,0.0,0.0,-585800.0,18200.0,3300.0,-106800.0,-446200.0,1072300.0,DOOO,-170300.0,-170300.0,-37412.1,0.0,0.0,0.0,0.0,0.0,0.0,0.0,0.0,0.0,0.0,0.0,0.0
2023-01-31,10033400.0,7534000.0,2499400.0,1138200.0,1361200.0,-107700.0,-87600.0,1165900.0,300500.0,863900.0,863900.0,10.88,10.67,79382.01,80946.1,1367100.0,8672200.0,863900.0,928921.91,6000.0,114200.0,-107700.0,1280100.0,1590500.0,7534000.0,310400.0,863900.0,1678100.0,0.0,6464600.0,5924500.0,540100.0,3265700.0,534900.0,196900.0,-206400.0,897300.0,3354100.0,-206400.0,3016100.0,2616900.0,78906.71,78906.71,649500.0,-853400.0,190300.0,202300.0,0.0,0.0,-659400.0,10800.0,920900.0,-287300.0,-305500.0,-9900.0,DOOO,-87600.0,-87600.0,-22578.09,0.0,0.0,0.0,0.0,0.0,0.0,0.0,0.0,0.0,0.0,0.0,0.0
2022-01-31,7647900.0,5515700.0,2132200.0,954200.0,1178000.0,-81000.0,-20300.0,1076700.0,282100.0,793900.0,793900.0,9.57,9.31,82973.28,85259.52,1187000.0,6469900.0,793900.0,808881.31,3800.0,61800.0,-81000.0,1138500.0,1412100.0,5515700.0,273600.0,793900.0,1432400.0,0.0,5030900.0,5163700.0,-132800.0,1801800.0,-135600.0,146900.0,-630500.0,48700.0,1904900.0,-630500.0,2187400.0,1774700.0,81035.47,81035.47,770000.0,-687700.0,-1142700.0,265800.0,0.0,0.0,-697700.0,65000.0,409900.0,-814700.0,-682700.0,72300.0,DOOO,-20300.0,-20300.0,-5318.69,0.0,0.0,0.0,0.0,0.0,0.0,0.0,0.0,0.0,0.0,0.0,0.0
2021-01-29,5952900.0,4480600.0,1472300.0,805300.0,667000.0,-87500.0,-95200.0,484300.0,121400.0,363400.0,363400.0,4.15,4.1,87519.86,88604.98,465600.0,5285900.0,363400.0,431963.6,19800.0,103400.0,-87500.0,587700.0,848500.0,4480600.0,260800.0,363400.0,940000.0,0.0,4885900.0,5360800.0,-474900.0,1905700.0,-478700.0,239800.0,-943800.0,669800.0,1931000.0,-943800.0,2649500.0,1084000.0,86544.58,86544.58,954200.0,-260300.0,583800.0,1325700.0,0.0,0.0,-279900.0,22500.0,964300.0,-86600.0,-172100.0,674300.0,DOOO,-91500.0,-91500.0,-22936.4,0.0,0.0,0.0,0.0,0.0,0.0,0.0,0.0,0.0,0.0,0.0,0.0
2020-01-31,0.0,0.0,0.0,0.0,0.0,0.0,0.0,0.0,0.0,0.0,0.0,0.0,0.0,0.0,0.0,0.0,0.0,0.0,0.0,0.0,0.0,0.0,0.0,0.0,0.0,0.0,0.0,0.0,0.0,0.0,0.0,0.0,0.0,0.0,0.0,0.0,0.0,0.0,0.0,0.0,0.0,0.0,0.0,0.0,0.0,0.0,0.0,0.0,0.0,0.0,0.0,0.0,0.0,0.0,0.0,DOOO,0.0,0.0,0.0,0.0,0.0,0.0,0.0,0.0,0.0,0.0,0.0,0.0,0.0,0.0,0.0
2023-12-29,8934400.0,6974500.0,1959900.0,1259000.0,700900.0,-125000.0,44500.0,620400.0,117700.0,502800.0,502800.0,8.8,8.71,57100.0,57700.0,700900.0,8233500.0,502800.0,502800.0,0.0,125000.0,-125000.0,745400.0,1004300.0,6974500.0,258900.0,502800.0,1004300.0,0.0,5516300.0,4095500.0,1420800.0,3272800.0,1418400.0,144600.0,512000.0,757900.0,3326800.0,512000.0,2053000.0,1540600.0,56472.7,56472.7,925800.0,-462000.0,-431300.0,382900.0,187200.0,120600.0,-412600.0,0.0,2770000.0,-2928200.0,-178600.0,513200.0,PII,0.0,0.0,0.0,0.0,0.0,0.0,0.0,0.0,0.0,0.0,0.0,0.0,0.0,0.0,0.0
2022-12-30,8589000.0,6629500.0,1959500.0,1155000.0,804500.0,-71700.0,28600.0,761400.0,158000.0,447100.0,447100.0,7.54,7.44,59300.0,60100.0,804500.0,7784500.0,447100.0,602900.0,0.0,71700.0,-71700.0,833100.0,1065900.0,6629500.0,232800.0,602900.0,1065900.0,0.0,5217900.0,4116400.0,1101500.0,2603200.0,1099000.0,111100.0,188400.0,439000.0,3156800.0,188400.0,2168900.0,1733300.0,57000.0,57000.0,508600.0,-324600.0,-363200.0,339700.0,194400.0,71200.0,-306600.0,0.0,2987500.0,-2729800.0,-505000.0,202000.0,PII,0.0,0.0,0.0,0.0,0.0,0.0,0.0,0.0,0.0,0.0,0.0,0.0,0.0,0.0,0.0
2021-12-31,7439200.0,5688300.0,1750900.0,1038900.0,712000.0,-44200.0,-39100.0,628700.0,132100.0,493900.0,493900.0,8.06,7.88,61300.0,62700.0,712000.0,6727200.0,493900.0,525272.0,0.0,44200.0,-44200.0,672900.0,889300.0,5688300.0,216400.0,496200.0,926100.0,0.0,5047800.0,3821500.0,1226300.0,2459600.0,1224300.0,102800.0,289100.0,328900.0,3012900.0,289100.0,1891400.0,1286300.0,60400.0,60400.0,293700.0,-303900.0,-107600.0,529100.0,124400.0,44800.0,-282800.0,0.0,2424300.0,-2073000.0,-461600.0,10900.0,PII,-36800.0,-36800.0,-7728.0,0.0,0.0,0.0,0.0,0.0,0.0,0.0,0.0,0.0,0.0,0.0,0.0
2020-12-31,7027900.0,5317700.0,1710200.0,1118700.0,591500.0,-66700.0,-383400.0,141400.0,16500.0,124800.0,124800.0,2.02,1.99,61900.0,62600.0,212300.0,6436400.0,124800.0,460012.8,0.0,66700.0,-66700.0,208100.0,468800.0,5317700.0,260700.0,124800.0,848000.0,0.0,4632700.0,3487900.0,1144800.0,2438400.0,1144500.0,141700.0,60800.0,318100.0,2580500.0,60800.0,1577700.0,801300.0,61900.0,61900.0,1018600.0,-150700.0,-415400.0,657500.0,65500.0,67000.0,-213900.0,0.0,1365500.0,-1611700.0,-50300.0,804700.0,PII,-379200.0,-379200.0,-43987.2,0.0,0.0,0.0,0.0,0.0,0.0,0.0,0.0,0.0,0.0,0.0,0.0
2019-12-31,0.0,0.0,0.0,0.0,0.0,0.0,0.0,0.0,0.0,0.0,0.0,0.0,0.0,0.0,0.0,0.0,0.0,0.0,0.0,0.0,0.0,0.0,0.0,0.0,0.0,0.0,0.0,0.0,0.0,0.0,0.0,0.0,0.0,0.0,0.0,0.0,0.0,0.0,0.0,0.0,0.0,0.0,0.0,0.0,0.0,0.0,0.0,0.0,0.0,0.0,0.0,0.0,0.0,0.0,0.0,PII,0.0,0.0,0.0,0.0,0.0,0.0,0.0,0.0,0.0,0.0,0.0,0.0,0.0,0.0,0.0
2024-05-31,51362000.0,28475000.0,22887000.0,16576000.0,6311000.0,161000.0,228000.0,6700000.0,1000000.0,5700000.0,5700000.0,3.76,3.73,1517600.0,1529700.0,0.0,45051000.0,5700000.0,5700000.0,0.0,0.0,161000.0,6311000.0,7155000.0,28475000.0,844000.0,5700000.0,7155000.0,0.0,38110000.0,23680000.0,14430000.0,22333000.0,14430000.0,3043000.0,13931000.0,14789000.0,23339000.0,13931000.0,11952000.0,0.0,1510897.25,1510897.25,7429000.0,894000.0,-5888000.0,9860000.0,1299000.0,381000.0,-812000.0,0.0,0.0,0.0,-4250000.0,6617000.0,NKE,0.0,0.0,0.0,0.0,0.0,0.0,0.0,0.0,0.0,0.0,0.0,0.0,0.0,0.0,0.0
2023-05-31,51217000.0,28925000.0,22292000.0,16377000.0,5915000.0,6000.0,280000.0,6201000.0,1131000.0,5070000.0,5070000.0,3.27,3.23,1551600.0,1569800.0,0.0,45302000.0,5070000.0,5070000.0,0.0,0.0,6000.0,5915000.0,6774000.0,28925000.0,859000.0,5070000.0,6774000.0,0.0,37531000.0,23527000.0,14004000.0,22931000.0,14004000.0,3211000.0,13449000.0,15946000.0,22937000.0,13449000.0,12144000.0,1492000.0,1532000.0,1532000.0,5841000.0,564000.0,-7447000.0,7441000.0,1517000.0,347000.0,-969000.0,0.0,0.0,-500000.0,-5480000.0,4872000.0,NKE,0.0,0.0,0.0,0.0,0.0,0.0,0.0,0.0,0.0,0.0,0.0,0.0,0.0,0.0,0.0
2022-05-31,46710000.0,25231000.0,21479000.0,14804000.0,6675000.0,-205000.0,181000.0,6651000.0,605000.0,6046000.0,6046000.0,3.83,3.75,1578800.0,1610800.0,0.0,40035000.0,6046000.0,6046000.0,0.0,0.0,-205000.0,6675000.0,7515000.0,25231000.0,840000.0,6046000.0,7515000.0,0.0,40321000.0,25040000.0,15281000.0,24201000.0,15281000.0,3197000.0,14711000.0,17483000.0,24711000.0,14711000.0,12627000.0,856000.0,1571000.0,1571000.0,5188000.0,-1524000.0,-4836000.0,8574000.0,1231000.0,290000.0,-758000.0,0.0,0.0,0.0,-4014000.0,4430000.0,NKE,0.0,0.0,0.0,0.0,0.0,0.0,0.0,0.0,0.0,0.0,0.0,0.0,0.0,0.0,0.0
2021-05-31,44538000.0,24576000.0,19962000.0,13025000.0,6937000.0,-262000.0,-14000.0,6661000.0,934000.0,5727000.0,5727000.0,3.64,3.56,1573000.0,1609400.0,0.0,37601000.0,5727000.0,5727000.0,0.0,0.0,-262000.0,6937000.0,7734000.0,24576000.0,797000.0,5727000.0,7734000.0,0.0,37740000.0,24973000.0,12767000.0,22180000.0,12767000.0,3398000.0,12256000.0,16617000.0,22182000.0,12256000.0,12813000.0,0.0,1578000.0,1578000.0,6657000.0,-3800000.0,-1459000.0,9889000.0,1177000.0,293000.0,-695000.0,0.0,0.0,-197000.0,-608000.0,5962000.0,NKE,0.0,0.0,0.0,0.0,0.0,0.0,0.0,0.0,0.0,0.0,0.0,0.0,0.0,0.0,0.0
2020-05-29,0.0,0.0,0.0,0.0,0.0,0.0,0.0,0.0,0.0,0.0,0.0,0.0,0.0,0.0,0.0,0.0,0.0,0.0,0.0,0.0,0.0,0.0,0.0,0.0,0.0,0.0,0.0,0.0,0.0,0.0,0.0,0.0,0.0,0.0,0.0,0.0,0.0,0.0,0.0,0.0,1309000.0,0.0,0.0,0.0,0.0,0.0,0.0,0.0,0.0,0.0,0.0,6134000.0,0.0,0.0,0.0,NKE,0.0,0.0,0.0,0.0,0.0,0.0,0.0,0.0,0.0,0.0,0.0,0.0,0.0,0.0,0.0
2023-12-29,21427000.0,11244000.0,10183000.0,9904000.0,279000.0,-83000.0,0.0,65000.0,124000.0,-75000.0,-75000.0,-0.42,-0.42,178543.6,178557.62,268000.0,21148000.0,-75000.0,-108800.0,39000.0,160000.0,-83000.0,225000.0,1437000.0,11244000.0,1212000.0,-119000.0,1449000.0,0.0,18020000.0,13095000.0,4925000.0,7010000.0,4580000.0,2584000.0,2900000.0,1766000.0,7559000.0,2900000.0,5563000.0,1548000.0,180000.0,178549.08,2630000.0,-450000.0,-1425000.0,1431000.0,0.0,0.0,-504000.0,25000.0,0.0,-500000.0,-29000.0,2126000.0,ADS.DE,-12000.0,-12000.0,-1800.0,0.0,0.0,1450.92,142000.0,0.0,0.0,0.0,0.0,0.0,0.0,0.0,0.0
2022-12-30,22511000.0,11867000.0,10644000.0,9915000.0,729000.0,-115000.0,0.0,388000.0,134000.0,612000.0,612000.0,3.34,3.34,183263.63,183268.09,669000.0,21782000.0,612000.0,267300.0,23000.0,137000.0,-115000.0,525000.0,1900000.0,11867000.0,1375000.0,228000.0,1960000.0,0.0,20296000.0,14945000.0,5351000.0,7937000.0,4991000.0,2986000.0,3302000.0,2475000.0,8464000.0,3302000.0,6459000.0,2675000.0,180000.0,178537.2,-479000.0,495000.0,-2963000.0,798000.0,0.0,0.0,-695000.0,25000.0,994000.0,0.0,-2530000.0,-1174000.0,ADS.DE,-60000.0,-60000.0,-20700.0,0.0,0.0,1462.8,132000.0,0.0,0.0,0.0,0.0,0.0,0.0,0.0,0.0
2021-12-31,21234000.0,10469000.0,10765000.0,8776000.0,1989000.0,-96000.0,0.0,1852000.0,360000.0,2116000.0,2116000.0,10.9,10.9,194172.98,194178.08,1986000.0,19245000.0,2116000.0,1450806.0,12000.0,111000.0,-96000.0,1963000.0,3112000.0,10469000.0,1149000.0,1450000.0,3113000.0,0.0,22137000.0,14300000.0,7837000.0,9985000.0,7519000.0,2836000.0,5938000.0,4979000.0,10014000.0,5938000.0,5331000.0,0.0,192100.0,192100.0,3192000.0,-424000.0,-2991000.0,3828000.0,0.0,0.0,-667000.0,27000.0,0.0,-679000.0,-1032000.0,2525000.0,ADS.DE,-1000.0,-1000.0,-194.0,0.0,0.0,0.0,0.0,0.0,0.0,0.0,0.0,0.0,0.0,0.0,0.0
2020-12-31,18435000.0,9213000.0,9222000.0,8369000.0,853000.0,-212000.0,0.0,578000.0,117000.0,432000.0,432000.0,2.21,2.21,195155.92,195161.73,746000.0,17582000.0,432000.0,537184.0,25000.0,238000.0,-212000.0,816000.0,2077000.0,9213000.0,1261000.0,451000.0,2185000.0,0.0,21053000.0,14362000.0,6691000.0,8936000.0,6454000.0,2722000.0,4245000.0,3327000.0,9622000.0,4245000.0,5890000.0,0.0,200416.19,195066.06,1486000.0,-115000.0,479000.0,3994000.0,0.0,0.0,-432000.0,25000.0,1501000.0,-519000.0,-286000.0,1054000.0,ADS.DE,-108000.0,-108000.0,-21816.0,0.0,0.0,5350.13,0.0,0.0,0.0,0.0,0.0,0.0,0.0,0.0,0.0
2019-12-31,0.0,0.0,0.0,0.0,0.0,0.0,0.0,0.0,0.0,0.0,0.0,0.0,0.0,0.0,0.0,0.0,0.0,0.0,0.0,0.0,0.0,0.0,0.0,0.0,0.0,0.0,0.0,0.0,0.0,0.0,0.0,0.0,0.0,0.0,0.0,0.0,0.0,0.0,0.0,0.0,0.0,0.0,0.0,0.0,0.0,0.0,0.0,0.0,0.0,0.0,0.0,0.0,0.0,0.0,0.0,ADS.DE,0.0,0.0,0.0,0.0,0.0,4446.8,0.0,0.0,0.0,0.0,0.0,0.0,0.0,0.0,0.0
2023-08-31,17457209.0,8386787.0,9070422.0,5596436.0,3473986.0,-306372.0,0.0,3167614.0,639188.0,2528426.0,2528426.0,136.6,132.36,18510.0,19103.0,3473986.0,13983223.0,2528426.0,2528426.0,12054.0,318426.0,-306372.0,3486040.0,3983617.0,8386787.0,497577.0,2528426.0,3983617.0,0.0,15985878.0,20335772.0,-4349894.0,3318655.0,-4349894.0,3261218.0,-4652539.0,-1732430.0,3318655.0,-4652539.0,10929767.0,7391495.0,18936.0,17857.0,2940788.0,-876178.0,-2060082.0,277054.0,570250.0,260866.0,-796657.0,182494.0,2356200.0,-881055.0,-3699552.0,2144131.0,AZO,0.0,0.0,0.0,0.0,0.0,1079.0,0.0,0.0,0.0,0.0,0.0,0.0,0.0,0.0,0.0
2022-08-31,16252230.0,7779580.0,8472650.0,5201921.0,3270729.0,-191638.0,0.0,3079091.0,649487.0,2429604.0,2429604.0,120.83,117.19,20107.0,20733.0,3270729.0,12981501.0,2429604.0,2429604.0,6048.0,197686.0,-191638.0,3276777.0,3719000.0,7779580.0,442223.0,2429604.0,3719000.0,0.0,15275043.0,18813956.0,-3538913.0,2583179.0,-3538913.0,3174257.0,-3841558.0,-1960409.0,2583179.0,-3841558.0,9296349.0,5857712.0,20732.0,19126.0,3211135.0,-648099.0,-3470497.0,264380.0,461232.0,178561.0,-672391.0,113934.0,1353400.0,-567182.0,-4359991.0,2538744.0,AZO,0.0,0.0,0.0,0.0,0.0,1606.0,0.0,0.0,0.0,0.0,0.0,0.0,0.0,0.0,0.0
2021-08-31,14629585.0,6911800.0,7717785.0,4773258.0,2944527.0,-195337.0,0.0,2749190.0,578876.0,2170314.0,2170314.0,97.6,95.19,22237.0,22799.0,2944527.0,11685058.0,2170314.0,2170314.0,5417.0,200754.0,-195337.0,2949944.0,3357627.0,6911800.0,407683.0,2170314.0,3357627.0,0.0,14516199.0,16313735.0,-1797536.0,3472284.0,-1797536.0,2959342.0,-2100181.0,-954451.0,3472284.0,-2100181.0,8229162.0,4098485.0,23007.0,21138.0,3518543.0,-601778.0,-3500417.0,1171335.0,574854.0,187948.0,-621767.0,187757.0,0.0,-309853.0,-3378321.0,2896776.0,AZO,0.0,0.0,0.0,0.0,0.0,1869.0,0.0,0.0,0.0,0.0,0.0,0.0,0.0,0.0,0.0
2020-08-31,12631967.0,5861214.0,6770753.0,4353074.0,2417679.0,-201165.0,0.0,2216514.0,483542.0,1732972.0,1732972.0,73.62,71.93,23540.0,24093.0,2417679.0,10214288.0,1732972.0,1732972.0,5689.0,206854.0,-201165.0,2423368.0,2820834.0,5861214.0,397466.0,1732972.0,2820834.0,0.0,14423872.0,15301849.0,-877977.0,4635394.0,-877977.0,2792904.0,-1180622.0,528781.0,4635394.0,-1180622.0,8306275.0,3762556.0,23697.0,23376.0,2720108.0,-497875.0,-643636.0,1750815.0,339486.0,161864.0,-457736.0,68392.0,1850000.0,-552158.0,-930903.0,2262372.0,AZO,0.0,0.0,0.0,0.0,0.0,321.0,0.0,0.0,0.0,0.0,0.0,0.0,0.0,0.0,0.0
2019-08-30,0.0,0.0,0.0,0.0,0.0,0.0,0.0,0.0,0.0,0.0,0.0,0.0,0.0,0.0,0.0,0.0,0.0,0.0,0.0,0.0,0.0,0.0,0.0,0.0,0.0,0.0,0.0,0.0,0.0,0.0,0.0,0.0,0.0,0.0,0.0,0.0,0.0,0.0,0.0,0.0,0.0,0.0,0.0,0.0,0.0,0.0,0.0,0.0,0.0,0.0,0.0,0.0,0.0,0.0,0.0,AZO,0.0,0.0,0.0,0.0,0.0,0.0,0.0,0.0,0.0,0.0,0.0,0.0,0.0,0.0,0.0
2024-01-31,43452000.0,33849000.0,9603000.0,7876000.0,1727000.0,-52000.0,-54000.0,1621000.0,381000.0,1241000.0,1241000.0,5.7,5.68,217700.0,218500.0,1574000.0,41725000.0,1241000.0,1282310.0,0.0,52000.0,-52000.0,1673000.0,2596000.0,33849000.0,923000.0,1241000.0,2650000.0,0.0,14967000.0,11914000.0,3053000.0,4205000.0,3053000.0,2830000.0,1670000.0,-12000.0,4205000.0,1670000.0,3982000.0,0.0,215395.97,215395.97,1470000.0,-781000.0,-1144000.0,1793000.0,543000.0,51000.0,-795000.0,19000.0,0.0,-19000.0,-340000.0,675000.0,BBY,-54000.0,-54000.0,-12690.0,1000.0,0.0,0.0,0.0,0.0,0.0,0.0,0.0,0.0,0.0,0.0,0.0
2023-01-31,46298000.0,36386000.0,9912000.0,7970000.0,1942000.0,-35000.0,-119000.0,1788000.0,370000.0,1419000.0,1419000.0,6.31,6.29,224800.0,225700.0,1795000.0,44356000.0,1419000.0,1513367.0,0.0,35000.0,-35000.0,1823000.0,2741000.0,36386000.0,918000.0,1419000.0,2860000.0,0.0,15803000.0,13008000.0,2795000.0,3955000.0,2795000.0,2818000.0,1412000.0,-177000.0,3955000.0,1412000.0,3978000.0,0.0,218100.0,218100.0,1824000.0,-962000.0,-1806000.0,2253000.0,283000.0,31000.0,-930000.0,16000.0,0.0,-19000.0,-1014000.0,894000.0,BBY,-119000.0,-119000.0,-24633.0,1000.0,0.0,0.0,0.0,0.0,0.0,0.0,0.0,0.0,0.0,0.0,0.0
2022-01-31,51761000.0,40121000.0,11640000.0,8635000.0,3005000.0,-25000.0,44000.0,3024000.0,574000.0,2454000.0,2454000.0,9.94,9.84,246800.0,249300.0,3039000.0,48756000.0,2454000.0,2418360.0,0.0,25000.0,-25000.0,3049000.0,3918000.0,40121000.0,869000.0,2454000.0,3874000.0,0.0,17504000.0,14484000.0,3020000.0,4236000.0,3020000.0,2722000.0,1361000.0,-135000.0,4236000.0,1361000.0,3938000.0,0.0,227400.0,227400.0,3252000.0,-1372000.0,-4297000.0,3205000.0,716000.0,22000.0,-737000.0,29000.0,0.0,-133000.0,-3502000.0,2515000.0,BBY,44000.0,44000.0,8360.0,4000.0,0.0,0.0,0.0,0.0,0.0,0.0,0.0,0.0,0.0,0.0,0.0
2021-01-29,47262000.0,36689000.0,10573000.0,7928000.0,2645000.0,-52000.0,-216000.0,2377000.0,579000.0,1798000.0,1798000.0,6.93,6.84,259600.0,263000.0,2391000.0,44617000.0,1798000.0,1961385.78,0.0,52000.0,-52000.0,2429000.0,3268000.0,36689000.0,839000.0,1798000.0,3484000.0,0.0,19067000.0,14480000.0,4587000.0,5725000.0,4587000.0,2743000.0,3300000.0,2019000.0,5835000.0,3300000.0,3991000.0,0.0,257000.0,257000.0,4927000.0,-788000.0,-876000.0,5625000.0,442000.0,50000.0,-713000.0,28000.0,1892000.0,-1916000.0,-312000.0,4214000.0,BBY,-216000.0,-216000.0,-52614.22,0.0,0.0,0.0,0.0,0.0,0.0,0.0,0.0,0.0,0.0,0.0,0.0
2020-01-31,0.0,0.0,0.0,0.0,0.0,0.0,0.0,0.0,0.0,0.0,0.0,0.0,0.0,0.0,0.0,0.0,0.0,0.0,0.0,0.0,0.0,0.0,0.0,0.0,0.0,0.0,0.0,0.0,0.0,0.0,0.0,0.0,0.0,0.0,0.0,0.0,0.0,0.0,0.0,0.0,0.0,0.0,0.0,0.0,0.0,0.0,0.0,0.0,0.0,0.0,0.0,0.0,0.0,0.0,0.0,BBY,0.0,0.0,0.0,0.0,0.0,0.0,0.0,0.0,0.0,0.0,0.0,0.0,0.0,0.0,0.0
2024-03-29,5170000.0,1831000.0,3339000.0,2972000.0,367000.0,-6000.0,-644000.0,-283000.0,-54000.0,-229000.0,-229000.0,-1.96,-1.96,117014.42,117014.42,-241000.0,4803000.0,-229000.0,293450.0,0.0,0.0,-6000.0,367000.0,555000.0,1831000.0,188000.0,-229000.0,1200000.0,0.0,6689000.0,5089000.0,1600000.0,2860000.0,1599000.0,1852000.0,-901000.0,-87000.0,3322000.0,-901000.0,3575000.0,1524000.0,226271.07,116629.63,309000.0,-135000.0,-208000.0,205000.0,156000.0,96000.0,-189000.0,0.0,1737000.0,-1839000.0,-107000.0,120000.0,CPRI,-645000.0,-645000.0,-122550.0,0.0,0.0,109641.44,0.0,0.0,0.0,0.0,0.0,0.0,0.0,0.0,0.0
2023-03-31,5619000.0,1895000.0,3724000.0,2887000.0,837000.0,-24000.0,-165000.0,648000.0,29000.0,616000.0,616000.0,4.65,4.6,132532.01,134002.48,679000.0,4782000.0,616000.0,776440.0,0.0,0.0,-24000.0,837000.0,1016000.0,1895000.0,179000.0,616000.0,1184000.0,0.0,7295000.0,5446000.0,1849000.0,3670000.0,1848000.0,1777000.0,-1173000.0,420000.0,3675000.0,-1173000.0,3604000.0,1578000.0,224166.25,117347.05,771000.0,183000.0,-776000.0,256000.0,133000.0,58000.0,-226000.0,0.0,4061000.0,-3474000.0,-1364000.0,545000.0,CPRI,-168000.0,-168000.0,-7560.0,0.0,0.0,106819.21,0.0,0.0,0.0,0.0,0.0,0.0,0.0,0.0,0.0
2022-03-31,5654000.0,1910000.0,3744000.0,2726000.0,1018000.0,18000.0,-121000.0,915000.0,92000.0,822000.0,822000.0,5.49,5.39,149724.68,152497.91,903000.0,4636000.0,822000.0,932577.0,0.0,0.0,18000.0,1018000.0,1211000.0,1910000.0,193000.0,822000.0,1334000.0,0.0,7480000.0,4922000.0,2558000.0,3690000.0,2559000.0,1881000.0,-706000.0,325000.0,3719000.0,-706000.0,3041000.0,991000.0,221967.6,142806.27,704000.0,58000.0,-800000.0,172000.0,43000.0,37000.0,-131000.0,0.0,945000.0,-1132000.0,-661000.0,573000.0,CPRI,-123000.0,-123000.0,-12423.0,0.0,0.0,79161.33,0.0,0.0,0.0,0.0,0.0,0.0,0.0,0.0,0.0
2021-03-31,4060000.0,1463000.0,2597000.0,2230000.0,367000.0,-43000.0,-321000.0,3000.0,66000.0,-62000.0,-62000.0,-0.41,-0.41,150453.57,150453.57,19000.0,3693000.0,-62000.0,177440.0,0.0,43000.0,-43000.0,367000.0,579000.0,1463000.0,212000.0,-62000.0,907000.0,0.0,7481000.0,5324000.0,2157000.0,3377000.0,2158000.0,2104000.0,-1332000.0,-75000.0,3500000.0,-1332000.0,3446000.0,1110000.0,219222.94,151280.01,624000.0,-124000.0,-870000.0,234000.0,45000.0,52000.0,-111000.0,0.0,2443000.0,-3311000.0,-1000.0,513000.0,CPRI,-328000.0,-328000.0,-88560.0,0.0,0.0,67942.93,0.0,0.0,0.0,0.0,0.0,0.0,0.0,0.0,0.0
2020-03-31,0.0,0.0,0.0,0.0,0.0,0.0,0.0,0.0,0.0,0.0,0.0,0.0,0.0,0.0,0.0,0.0,0.0,0.0,0.0,0.0,18000.0,0.0,0.0,0.0,0.0,0.0,0.0,0.0,0.0,0.0,0.0,0.0,0.0,0.0,0.0,0.0,0.0,0.0,0.0,0.0,0.0,0.0,0.0,0.0,0.0,0.0,0.0,0.0,0.0,0.0,0.0,0.0,0.0,0.0,0.0,CPRI,0.0,0.0,0.0,0.0,0.0,0.0,0.0,0.0,0.0,0.0,0.0,0.0,0.0,0.0,0.0
2023-12-29,86153000.0,26876000.0,59277000.0,36496000.0,22781000.0,-880000.0,0.0,21627000.0,5673000.0,15174000.0,15174000.0,0.0,0.0,0.0,0.0,22560000.0,63372000.0,15174000.0,15429348.0,136000.0,973000.0,-880000.0,22600000.0,29777000.0,26876000.0,7177000.0,15174000.0,30123000.0,0.0,143694000.0,80993000.0,62701000.0,72244000.0,61017000.0,16969000.0,11084000.0,10565000.0,82924000.0,11084000.0,38876000.0,14133000.0,502048.4,499513.31,18403000.0,-8310000.0,-9397000.0,7520000.0,0.0,0.0,-7807000.0,0.0,5990000.0,-3968000.0,-1584000.0,10596000.0,MC.PA,-346000.0,-346000.0,-90652.0,0.0,0.0,2535.09,0.0,0.0,0.0,0.0,0.0,0.0,0.0,0.0,0.0
2022-12-30,79183000.0,24988000.0,54195000.0,33181000.0,21014000.0,-375000.0,0.0,20114000.0,5362000.0,14084000.0,14084000.0,28.05,28.03,502120.69,502480.1,21001000.0,58169000.0,14084000.0,14538460.0,49000.0,382000.0,-375000.0,20496000.0,26722000.0,24988000.0,6226000.0,14084000.0,27342000.0,0.0,134646000.0,78042000.0,56604000.0,65490000.0,55111000.0,15729000.0,4614000.0,8197000.0,74849000.0,4614000.0,35467000.0,12438000.0,503257.34,501076.94,17835000.0,-5920000.0,-12686000.0,7100000.0,0.0,0.0,-5082000.0,0.0,3774000.0,-3891000.0,-1616000.0,12753000.0,MC.PA,-620000.0,-620000.0,-165540.0,0.0,0.0,2180.4,0.0,0.0,0.0,0.0,0.0,0.0,0.0,0.0,0.0
2021-12-31,64215000.0,20355000.0,43860000.0,26738000.0,17122000.0,-260000.0,0.0,17209000.0,4510000.0,12036000.0,12036000.0,23.9,23.89,503627.71,503895.59,17155000.0,47093000.0,12036000.0,11803530.0,31000.0,242000.0,-260000.0,17451000.0,23281000.0,20355000.0,5830000.0,12036000.0,22966000.0,0.0,125311000.0,76402000.0,48909000.0,59284000.0,47119000.0,14598000.0,-3643000.0,6312000.0,67360000.0,-3643000.0,34839000.0,12220000.0,504757.34,503504.73,18647000.0,-15979000.0,-15156000.0,7817000.0,0.0,0.0,-3255000.0,0.0,251000.0,-6413000.0,-556000.0,15392000.0,MC.PA,315000.0,315000.0,82530.0,0.0,0.0,1252.61,0.0,0.0,0.0,0.0,0.0,0.0,0.0,0.0,0.0
2020-12-31,44651000.0,15871000.0,28780000.0,20468000.0,8312000.0,-366000.0,0.0,7364000.0,2409000.0,4702000.0,4702000.0,9.33,9.32,503679.27,504210.13,7972000.0,36339000.0,4702000.0,5076861.0,38000.0,366000.0,-366000.0,7730000.0,13780000.0,15871000.0,6050000.0,4702000.0,14337000.0,0.0,108671000.0,69842000.0,38829000.0,51477000.0,37412000.0,13863000.0,4044000.0,14655000.0,62115000.0,4044000.0,38566000.0,4740000.0,504757.34,503895.88,10898000.0,-2940000.0,7403000.0,19806000.0,0.0,0.0,-2465000.0,0.0,17499000.0,-5024000.0,-12000.0,8433000.0,MC.PA,-557000.0,-557000.0,-182139.0,0.0,0.0,861.46,0.0,0.0,0.0,0.0,0.0,0.0,0.0,0.0,0.0
2019-12-31,0.0,0.0,0.0,0.0,0.0,0.0,0.0,0.0,0.0,0.0,0.0,14.25,14.23,503218.85,503839.54,0.0,0.0,0.0,0.0,0.0,0.0,0.0,0.0,0.0,0.0,0.0,0.0,0.0,0.0,0.0,0.0,0.0,0.0,0.0,0.0,0.0,0.0,0.0,0.0,0.0,0.0,0.0,0.0,0.0,0.0,0.0,0.0,0.0,0.0,0.0,0.0,0.0,0.0,0.0,0.0,MC.PA,0.0,0.0,0.0,0.0,0.0,0.0,0.0,0.0,0.0,0.0,0.0,0.0,0.0,0.0,0.0
2024-01-31,7171100.0,4345700.0,2825400.0,2197700.0,627700.0,18700.0,-6600.0,639800.0,-170600.0,775900.0,810400.0,17.28,15.01,44900.0,54000.0,621500.0,6543400.0,810400.0,811427.0,18700.0,0.0,18700.0,627700.0,789600.0,4345700.0,161900.0,810400.0,790900.0,0.0,6813200.0,3991200.0,2822000.0,2822000.0,2166500.0,1096000.0,1664700.0,1560600.0,2314200.0,1009200.0,1243700.0,0.0,70000.0,44200.0,546900.0,-75800.0,-259700.0,1378700.0,13000.0,15900.0,-125500.0,0.0,0.0,0.0,-139300.0,421400.0,SIG,-1300.0,-1300.0,-273.0,0.0,34500.0,25800.0,0.0,655500.0,0.0,0.0,0.0,0.0,0.0,0.0,0.0
2023-01-31,7842100.0,4790000.0,3052100.0,2214600.0,837500.0,-13500.0,-372800.0,451200.0,74500.0,342200.0,376700.0,7.34,6.64,46600.0,56700.0,604900.0,7004600.0,376700.0,565827.5,0.0,13500.0,-13500.0,464700.0,629200.0,4790000.0,164500.0,376700.0,855700.0,0.0,6620400.0,4388000.0,2232400.0,2379800.0,1578600.0,1182900.0,1073300.0,1259000.0,1726000.0,419500.0,1330300.0,0.0,70000.0,44900.0,797900.0,-545400.0,-490000.0,1166800.0,74600.0,11700.0,-138900.0,0.0,0.0,0.0,-376100.0,659000.0,SIG,-226500.0,-226500.0,-37372.5,0.0,34500.0,25100.0,0.0,653800.0,0.0,0.0,0.0,0.0,0.0,0.0,0.0
2022-01-31,7826000.0,4702000.0,3124000.0,2222300.0,901700.0,-10400.0,-6900.0,884400.0,114500.0,735400.0,769900.0,14.01,12.22,52500.0,63000.0,903400.0,6924300.0,769900.0,769812.9,6500.0,16900.0,-10400.0,901300.0,1064800.0,4702000.0,163500.0,769900.0,1064700.0,0.0,6575100.0,4359000.0,2216100.0,2363200.0,1564000.0,1305100.0,1417300.0,1659700.0,1711100.0,765200.0,1452200.0,0.0,70000.0,49900.0,1257300.0,-642700.0,-366600.0,1418300.0,120700.0,14800.0,-129600.0,0.0,0.0,0.0,-311800.0,1127700.0,SIG,100.0,100.0,12.9,0.0,34500.0,20100.0,0.0,652100.0,0.0,0.0,0.0,0.0,0.0,0.0,0.0
2021-01-29,5226900.0,3494400.0,1732500.0,1587400.0,145100.0,-27800.0,-207000.0,-89700.0,-74500.0,-48700.0,-48700.0,-0.94,-0.94,52000.0,52000.0,-57700.0,5081800.0,-15200.0,132844.0,4200.0,32000.0,-27800.0,-57700.0,118300.0,3494400.0,176000.0,-15200.0,321100.0,0.0,6178900.0,4346300.0,1832600.0,1979300.0,1190300.0,1524600.0,1415600.0,1583300.0,1337000.0,773300.0,1671300.0,0.0,70000.0,52300.0,1372300.0,-77800.0,-498600.0,1172500.0,0.0,30500.0,-83000.0,0.0,900000.0,-1357400.0,0.0,1289300.0,SIG,-202800.0,-202800.0,-54756.0,0.0,0.0,17700.0,0.0,642300.0,0.0,0.0,0.0,0.0,0.0,0.0,0.0
2020-01-31,0.0,0.0,0.0,0.0,0.0,0.0,0.0,0.0,0.0,0.0,0.0,0.0,0.0,0.0,0.0,0.0,0.0,0.0,0.0,0.0,35600.0,0.0,0.0,0.0,0.0,0.0,0.0,0.0,0.0,0.0,0.0,0.0,0.0,0.0,0.0,0.0,0.0,0.0,0.0,0.0,237000.0,0.0,0.0,0.0,0.0,0.0,0.0,5700.0,0.0,0.0,0.0,958300.0,-1124700.0,0.0,0.0,SIG,0.0,0.0,0.0,0.0,0.0,0.0,0.0,0.0,0.0,0.0,0.0,0.0,0.0,0.0,0.0
2023-12-29,1777710.0,1229528.0,548182.0,192977.0,355205.0,0.0,36108.0,391313.0,84638.0,281751.0,281751.0,6.2,6.14,45446.0,45917.0,0.0,1422505.0,284626.0,284626.0,0.0,0.0,0.0,355205.0,358750.0,1229528.0,3545.0,284626.0,358750.0,0.0,1902832.0,548684.0,1354148.0,1649892.0,1253101.0,7898.0,1299657.0,1551716.0,1599961.0,1252054.0,354758.0,167104.0,45005.18,45005.18,213342.0,-13349.0,-93804.0,199459.0,90535.0,0.0,-7802.0,0.0,22063.0,-43704.0,-45777.0,205540.0,GRBK,0.0,0.0,0.0,0.0,0.0,0.0,0.0,47603.0,2000.0,0.0,0.0,0.0,0.0,0.0,0.0
2022-12-30,1757793.0,1234768.0,523025.0,163943.0,359082.0,0.0,37383.0,396465.0,82468.0,289025.0,289025.0,6.07,6.02,47648.0,47987.0,0.0,1398711.0,291900.0,291900.0,0.0,0.0,0.0,359082.0,361449.0,1234768.0,2367.0,291900.0,361449.0,0.0,1655675.0,543621.0,1112054.0,1412354.0,1014211.0,3582.0,1060775.0,1331646.0,1382053.0,1013079.0,371424.0,291254.0,46032.93,46032.93,90677.0,-6477.0,-84484.0,93270.0,85445.0,0.0,-2012.0,0.0,434472.0,-402060.0,-101463.0,88665.0,GRBK,0.0,0.0,0.0,0.0,0.0,0.0,0.0,47696.0,2000.0,0.0,0.0,0.0,0.0,0.0,0.0
2021-12-31,1402876.0,1040817.0,362059.0,134269.0,227790.0,0.0,29196.0,256986.0,52605.0,190139.0,190139.0,3.75,3.72,50700.0,51060.0,0.0,1175086.0,190210.0,190210.0,0.0,0.0,0.0,227790.0,230534.0,1040817.0,2744.0,190210.0,230534.0,0.0,1421867.0,511306.0,910561.0,1210204.0,826852.0,4745.0,873331.0,1133263.0,1161770.0,825635.0,339663.0,257752.0,51151.91,50759.97,-92382.0,-2033.0,154334.0,93554.0,47288.0,0.0,-2025.0,47696.0,975009.0,-857924.0,0.0,-94407.0,GRBK,0.0,0.0,0.0,0.0,0.0,391.94,0.0,47696.0,2000.0,0.0,0.0,0.0,0.0,0.0,0.0
2020-12-31,976021.0,741417.0,234604.0,112134.0,122470.0,0.0,20343.0,142813.0,25016.0,113693.0,113693.0,2.25,2.24,50568.0,50795.0,0.0,853551.0,113693.0,113996.6,0.0,0.0,0.0,122470.0,126136.0,741417.0,3666.0,113693.0,126504.0,0.0,988847.0,325895.0,662952.0,753423.0,640242.0,2591.0,638940.0,673739.0,860110.0,638940.0,222459.0,200389.0,51053.86,50661.92,35135.0,-13334.0,-25851.0,33635.0,20541.0,0.0,-2903.0,0.0,402714.0,-421090.0,0.0,32232.0,GRBK,-368.0,-368.0,-64.4,0.0,0.0,391.94,0.0,0.0,0.0,0.0,0.0,0.0,0.0,0.0,0.0
2019-12-31,0.0,0.0,0.0,0.0,0.0,0.0,0.0,0.0,0.0,0.0,0.0,0.0,0.0,0.0,0.0,0.0,0.0,0.0,0.0,0.0,0.0,0.0,0.0,0.0,0.0,0.0,0.0,0.0,0.0,0.0,0.0,0.0,0.0,0.0,0.0,0.0,0.0,0.0,0.0,0.0,0.0,0.0,0.0,0.0,0.0,0.0,0.0,0.0,0.0,0.0,0.0,0.0,0.0,0.0,0.0,GRBK,-4906.0,-4906.0,0.0,0.0,0.0,391.94,0.0,0.0,0.0,0.0,0.0,0.0,0.0,0.0,0.0
2023-11-30,34233366.0,28292382.0,5940984.0,501338.0,5439646.0,0.0,-237342.0,5202304.0,1241013.0,3889975.0,3889975.0,13.73,13.73,283319.0,283319.0,0.0,28793720.0,3938511.0,3976654.18,0.0,0.0,0.0,5439646.0,5549810.0,28292382.0,110164.0,3938511.0,5599972.0,0.0,39234303.0,12532337.0,26701966.0,31564692.0,26580664.0,0.0,22948606.0,29747854.0,31564692.0,22948606.0,4984028.0,0.0,295076.23,280948.14,5179738.0,-176981.0,-3247589.0,6570938.0,1864941.0,81223.0,-99799.0,0.0,0.0,-1226251.0,-1182711.0,5079939.0,LEN,-50162.0,-50162.0,-12018.82,0.0,0.0,14128.09,0.0,0.0,0.0,0.0,0.0,0.0,0.0,0.0,0.0
2022-11-30,33671010.0,26468866.0,7202144.0,414498.0,6787646.0,0.0,-773080.0,6014566.0,1366065.0,4562145.0,4557226.0,15.74,15.72,289824.0,289824.0,0.0,26883364.0,4614125.0,5119595.53,0.0,0.0,0.0,6787646.0,6874721.0,26468866.0,87075.0,4614125.0,7529815.0,0.0,37984295.0,13743928.0,24240367.0,30299636.0,24100500.0,0.0,20468442.0,28533801.0,30299636.0,20468442.0,6199136.0,1420416.0,292685.36,289810.12,3265668.0,-128302.0,-1277279.0,4815770.0,1273166.0,67842.0,-57214.0,0.0,0.0,-623079.0,-1039309.0,3208454.0,LEN,-655094.0,-655094.0,-149623.47,0.0,-4919.0,2875.25,0.0,0.0,0.0,0.0,0.0,0.0,0.0,0.0,0.0
2021-11-30,27130676.0,21594037.0,5536639.0,398381.0,5138258.0,0.0,680800.0,5819058.0,1362509.0,4377192.0,4374285.0,14.28,14.27,306612.0,306612.0,0.0,21992418.0,4430111.0,4039449.63,0.0,0.0,0.0,5138258.0,5224212.0,21594037.0,85954.0,4430111.0,4713410.0,0.0,33207778.0,12211496.0,20996282.0,27194789.0,20816425.0,0.0,17184367.0,23823268.0,27194789.0,17184367.0,6378364.0,3456620.0,339943.24,299434.27,2532774.0,-105086.0,-2404735.0,2955683.0,1140858.0,47720.0,-65172.0,0.0,13973.0,-1355063.0,-1430212.0,2467602.0,LEN,510802.0,510802.0,120140.63,0.0,-2907.0,40508.98,0.0,0.0,0.0,0.0,0.0,0.0,0.0,0.0,0.0
2020-11-30,22488854.0,19014746.0,3474108.0,333446.0,3140662.0,-22401.0,-16874.0,3123788.0,656235.0,2436647.0,2427676.0,7.88,7.85,309406.0,309407.0,0.0,19348192.0,2465036.0,2416528.06,0.0,22401.0,-22401.0,3140662.0,3235215.0,19014746.0,94553.0,2465036.0,3173797.0,0.0,29935177.0,11835776.0,18099401.0,25416439.0,17994856.0,0.0,14362798.0,21624847.0,25416439.0,14362798.0,7421583.0,4558545.0,338386.0,312699.4,4190819.0,-280205.0,-2446575.0,2932730.0,402180.0,97336.0,-72752.0,0.0,92688.0,-2104994.0,-321524.0,4118067.0,LEN,61418.0,61418.0,12910.06,0.0,-8971.0,25686.61,0.0,0.0,0.0,0.0,0.0,0.0,0.0,0.0,0.0
2019-11-29,0.0,0.0,0.0,0.0,0.0,-17620.0,0.0,0.0,0.0,0.0,0.0,0.0,0.0,0.0,0.0,0.0,0.0,0.0,0.0,0.0,17620.0,-17620.0,0.0,0.0,0.0,0.0,0.0,0.0,0.0,0.0,0.0,0.0,0.0,0.0,0.0,0.0,0.0,0.0,0.0,0.0,8127700.0,0.0,0.0,0.0,0.0,0.0,0.0,0.0,0.0,0.0,493.0,0.0,0.0,0.0,0.0,LEN,0.0,0.0,0.0,0.0,0.0,0.0,0.0,0.0,0.0,0.0,0.0,0.0,0.0,0.0,0.0
2023-12-29,5970146.0,2995877.0,2974269.0,1363037.0,1611232.0,5182.0,-14060.0,1602354.0,344897.0,1252048.0,1252048.0,6.91,6.9,181220.0,181511.0,1617369.0,4358914.0,1252048.0,1267902.65,25813.0,29258.0,5182.0,1631612.0,2293917.0,2995877.0,662305.0,1252048.0,2314114.0,0.0,8051312.0,4980690.0,3070622.0,5465027.0,3060888.0,73047.0,856007.0,2865871.0,5465027.0,856007.0,2477186.0,1282158.0,193923.5,180418.09,1716637.0,-866452.0,-1109407.0,1121981.0,0.0,0.0,-868910.0,0.0,435813.0,-751070.0,-460629.0,847727.0,RACE,-20197.0,-20197.0,-4342.36,0.0,0.0,13505.41,0.0,0.0,0.0,0.0,0.0,0.0,0.0,0.0,0.0
2022-12-30,5095254.0,2648953.0,2446301.0,1225094.0,1221207.0,-23693.0,-19748.0,1177766.0,238472.0,932614.0,932614.0,5.11,5.09,182836.0,183121.0,1227382.0,3874047.0,932614.0,953300.55,4150.0,25489.0,-23693.0,1203255.0,1749480.0,2648953.0,546225.0,932614.0,1775403.0,0.0,7765823.0,5163336.0,2602487.0,5347213.0,2592857.0,57423.0,500287.0,2892446.0,5347213.0,500287.0,2811779.0,1365455.0,193923.5,181953.5,1403340.0,-805408.0,-553560.0,1388901.0,0.0,0.0,-804619.0,0.0,262289.0,-167539.0,-396522.0,598721.0,RACE,-25923.0,-25923.0,-5236.45,0.0,0.0,11970.0,0.0,0.0,0.0,0.0,0.0,0.0,0.0,0.0,0.0
2021-12-31,4270894.0,2080613.0,2190281.0,1121689.0,1068592.0,-21850.0,-4511.0,1042231.0,209095.0,830767.0,830767.0,4.5,4.5,184446.0,184771.0,1075488.0,3202302.0,830767.0,839881.19,1579.0,23669.0,-21850.0,1065900.0,1521889.0,2080613.0,455989.0,830767.0,1533296.0,0.0,6863505.0,4652089.0,2211416.0,4779699.0,2205898.0,56210.0,282543.0,2372190.0,4779699.0,282543.0,2630011.0,1229655.0,193923.5,183843.4,1282726.0,-732738.0,-579672.0,1344146.0,0.0,0.0,-737143.0,0.0,557818.0,-745136.0,-230899.0,545583.0,RACE,-11407.0,-11407.0,-2292.81,0.0,0.0,10080.1,0.0,0.0,0.0,0.0,0.0,0.0,0.0,0.0,0.0
2020-12-31,3459790.0,1686324.0,1773466.0,1043511.0,729955.0,-49092.0,-13828.0,667035.0,58155.0,607817.0,607817.0,3.29,3.28,184806.0,185379.0,0.0,2729835.0,607817.0,607817.0,1127.0,50219.0,-49092.0,717254.0,1143891.0,1686324.0,426637.0,607817.0,1143891.0,0.0,6262047.0,4472843.0,1789204.0,4447641.0,1785186.0,62290.0,20714.0,2285393.0,4447641.0,20714.0,2724745.0,1300049.0,193923.5,184747.89,838211.0,-708027.0,339683.0,1362406.0,0.0,0.0,-708996.0,0.0,702280.0,-21775.0,-129793.0,129215.0,RACE,0.0,0.0,0.0,0.0,0.0,9175.61,0.0,0.0,0.0,0.0,0.0,0.0,0.0,0.0,0.0
2019-12-31,0.0,0.0,0.0,0.0,0.0,0.0,0.0,0.0,0.0,0.0,0.0,0.0,0.0,0.0,0.0,0.0,0.0,0.0,0.0,0.0,0.0,0.0,0.0,0.0,0.0,0.0,0.0,0.0,0.0,0.0,0.0,0.0,0.0,0.0,0.0,0.0,0.0,0.0,0.0,0.0,0.0,0.0,0.0,0.0,0.0,0.0,0.0,0.0,0.0,0.0,0.0,0.0,0.0,0.0,0.0,RACE,3522.0,3522.0,0.0,0.0,0.0,0.0,0.0,0.0,0.0,0.0,0.0,0.0,0.0,0.0,0.0
2023-12-29,96773000.0,79113000.0,17660000.0,8769000.0,8891000.0,910000.0,172000.0,9973000.0,-5001000.0,14999000.0,14999000.0,4.73,4.31,3173500.0,3482750.0,8891000.0,87882000.0,14999000.0,14999000.0,1066000.0,156000.0,910000.0,10129000.0,14796000.0,79113000.0,4667000.0,14999000.0,14796000.0,0.0,106618000.0,43009000.0,63609000.0,65316000.0,62634000.0,4916000.0,62019000.0,20868000.0,67291000.0,62019000.0,9573000.0,0.0,3185000.0,3185000.0,13256000.0,-15584000.0,2589000.0,17189000.0,1119000.0,126000.0,-8899000.0,0.0,3931000.0,-1815000.0,0.0,4357000.0,TSLA,0.0,0.0,0.0,0.0,0.0,0.0,1268000.0,0.0,0.0,0.0,0.0,0.0,0.0,0.0,0.0
2022-12-30,81462000.0,60609000.0,20853000.0,7021000.0,13832000.0,106000.0,-219000.0,13719000.0,1132000.0,12583000.0,12584000.0,4.02,3.62,3130000.0,3475000.0,13656000.0,67630000.0,12583000.0,12744920.0,297000.0,191000.0,106000.0,13910000.0,17657000.0,60609000.0,3747000.0,12583000.0,17833000.0,0.0,82338000.0,36440000.0,45898000.0,45733000.0,44704000.0,3703000.0,44111000.0,14208000.0,46749000.0,44111000.0,5748000.0,0.0,3164000.0,3164000.0,14724000.0,-11973000.0,-3527000.0,16924000.0,1203000.0,152000.0,-7172000.0,0.0,0.0,-3866000.0,0.0,7552000.0,TSLA,-176000.0,-176000.0,-14080.0,0.0,1000.0,0.0,1509000.0,0.0,0.0,0.0,0.0,0.0,0.0,0.0,0.0
2021-12-31,53823000.0,40217000.0,13606000.0,7110000.0,6496000.0,-315000.0,162000.0,6343000.0,699000.0,5524000.0,5533000.0,1.87,1.63,2959000.0,3386000.0,6523000.0,47327000.0,5524000.0,5499970.0,56000.0,371000.0,-315000.0,6714000.0,9625000.0,40217000.0,2911000.0,5524000.0,9598000.0,0.0,62131000.0,30548000.0,31583000.0,34443000.0,30189000.0,3531000.0,28472000.0,7395000.0,35531000.0,28472000.0,8873000.0,0.0,3099000.0,3099000.0,11497000.0,-7868000.0,-5203000.0,18144000.0,561000.0,266000.0,-8014000.0,0.0,8883000.0,-14615000.0,0.0,3483000.0,TSLA,27000.0,27000.0,2970.0,0.0,9000.0,0.0,978000.0,0.0,0.0,0.0,0.0,0.0,0.0,0.0,0.0
2020-12-31,31536000.0,24906000.0,6630000.0,4636000.0,1994000.0,-718000.0,-122000.0,1154000.0,292000.0,690000.0,690000.0,0.25,0.21,2880000.0,2880000.0,-1994000.0,29542000.0,721000.0,721000.0,30000.0,748000.0,-718000.0,1902000.0,4224000.0,24906000.0,2322000.0,721000.0,4224000.0,0.0,52148000.0,28469000.0,23679000.0,30738000.0,22225000.0,3008000.0,21705000.0,12469000.0,32496000.0,21705000.0,13279000.0,0.0,2880000.0,2880000.0,5943000.0,-3132000.0,9973000.0,19901000.0,115000.0,444000.0,-3242000.0,12269000.0,9713000.0,-12201000.0,0.0,2701000.0,TSLA,0.0,0.0,0.0,0.0,0.0,0.0,563000.0,0.0,0.0,0.0,0.0,0.0,0.0,0.0,0.0
2019-12-31,0.0,0.0,0.0,0.0,0.0,0.0,0.0,0.0,0.0,0.0,0.0,0.0,0.0,0.0,0.0,0.0,0.0,0.0,0.0,0.0,0.0,0.0,0.0,0.0,0.0,0.0,0.0,0.0,0.0,0.0,0.0,0.0,0.0,0.0,0.0,0.0,0.0,0.0,0.0,0.0,5533000.0,0.0,0.0,0.0,0.0,0.0,0.0,0.0,0.0,0.0,848000.0,0.0,0.0,0.0,0.0,TSLA,0.0,0.0,0.0,0.0,0.0,0.0,0.0,0.0,0.0,0.0,0.0,0.0,0.0,0.0,0.0
2023-12-29,574785000.0,480980000.0,93805000.0,56953000.0,36852000.0,-233000.0,938000.0,37557000.0,7120000.0,30425000.0,30425000.0,2.95,2.9,10304000.0,10492000.0,36852000.0,537933000.0,30425000.0,29521380.04,2949000.0,3182000.0,-233000.0,40739000.0,89402000.0,480980000.0,48663000.0,30425000.0,88287000.0,0.0,527854000.0,325979000.0,201875000.0,260189000.0,201875000.0,77297000.0,171399000.0,7434000.0,260189000.0,171399000.0,135611000.0,0.0,10898000.0,10383000.0,84946000.0,-49833000.0,-15879000.0,73890000.0,11179000.0,3112000.0,-52729000.0,0.0,18129000.0,-33737000.0,0.0,32217000.0,AMZN,1115000.0,1115000.0,211380.04,-12000.0,0.0,515000.0,0.0,0.0,0.0,0.0,0.0,0.0,0.0,0.0,0.0
2022-12-30,513983000.0,446343000.0,67640000.0,55392000.0,12248000.0,-1378000.0,-16806000.0,-5936000.0,-3217000.0,-2722000.0,-2722000.0,-0.27,-0.27,10189000.0,10189000.0,12248000.0,501735000.0,-2722000.0,10128140.0,989000.0,2367000.0,-1378000.0,-3569000.0,38352000.0,446343000.0,41921000.0,-2722000.0,54618000.0,0.0,462675000.0,316632000.0,146043000.0,213193000.0,146043000.0,72968000.0,119658000.0,-8602000.0,213193000.0,119658000.0,140118000.0,13262000.0,10757000.0,10242000.0,46752000.0,-37601000.0,9718000.0,54253000.0,6035000.0,2142000.0,-63645000.0,0.0,62719000.0,-46753000.0,-6000000.0,-16893000.0,AMZN,-16266000.0,-16266000.0,-3415860.0,-3000.0,0.0,515000.0,0.0,0.0,0.0,0.0,0.0,0.0,0.0,0.0,0.0
2021-12-31,469822000.0,403507000.0,66315000.0,41436000.0,24879000.0,-1361000.0,14633000.0,38151000.0,4791000.0,33364000.0,33364000.0,3.3,3.24,10120000.0,10300000.0,24879000.0,444943000.0,33364000.0,20551997.17,448000.0,1809000.0,-1361000.0,39960000.0,74393000.0,403507000.0,34433000.0,33364000.0,59741000.0,0.0,420549000.0,282304000.0,138245000.0,186989000.0,138245000.0,67651000.0,117767000.0,19314000.0,186989000.0,117767000.0,116395000.0,12524000.0,10640000.0,10180000.0,46327000.0,-58154000.0,6291000.0,36477000.0,3688000.0,1772000.0,-61053000.0,0.0,26959000.0,-20506000.0,0.0,-14726000.0,AMZN,14652000.0,14652000.0,1839997.17,4000.0,0.0,460000.0,0.0,0.0,0.0,0.0,0.0,0.0,0.0,0.0,0.0
2020-12-31,386064000.0,334564000.0,51500000.0,28601000.0,22899000.0,-1092000.0,2371000.0,24178000.0,2863000.0,21331000.0,21331000.0,2.13,2.09,10000000.0,10200000.0,22899000.0,363165000.0,21331000.0,19189626.23,555000.0,1647000.0,-1092000.0,25825000.0,51076000.0,334564000.0,25251000.0,21331000.0,48647000.0,0.0,321195000.0,227791000.0,93404000.0,125220000.0,93404000.0,52573000.0,73406000.0,6348000.0,125220000.0,73406000.0,84389000.0,0.0,10540000.0,10060000.0,66064000.0,-59611000.0,-1104000.0,42377000.0,1713000.0,1630000.0,-40140000.0,0.0,17321000.0,-18425000.0,0.0,25924000.0,AMZN,2429000.0,2429000.0,287626.23,16000.0,0.0,480000.0,0.0,0.0,0.0,0.0,0.0,0.0,0.0,0.0,0.0
2019-12-31,0.0,0.0,0.0,0.0,0.0,0.0,0.0,0.0,0.0,0.0,0.0,0.0,0.0,0.0,0.0,0.0,0.0,0.0,0.0,0.0,0.0,0.0,0.0,0.0,0.0,0.0,0.0,0.0,0.0,0.0,0.0,0.0,0.0,0.0,0.0,0.0,0.0,0.0,0.0,0.0,0.0,0.0,0.0,0.0,0.0,0.0,0.0,0.0,0.0,0.0,0.0,0.0,0.0,0.0,0.0,AMZN,0.0,0.0,0.0,0.0,0.0,0.0,0.0,0.0,0.0,0.0,0.0,0.0,0.0,0.0,0.0
2023-12-29,14473000.0,7267000.0,7206000.0,5383000.0,1823000.0,345000.0,-615000.0,1553000.0,569000.0,987000.0,993000.0,19.64,19.46,20562.3,51006.26,1823000.0,12650000.0,987000.0,1376910.0,723000.0,378000.0,345000.0,1931000.0,2455000.0,7267000.0,524000.0,987000.0,3070000.0,0.0,17646000.0,14575000.0,3071000.0,5178000.0,3071000.0,969000.0,2873000.0,2997000.0,7435000.0,2873000.0,5333000.0,1808000.0,50697.44,50697.44,5140000.0,-3450000.0,-267000.0,3848000.0,651000.0,608000.0,-509000.0,0.0,24963000.0,-24874000.0,-356000.0,4631000.0,MELI,-615000.0,-615000.0,-225090.0,3000.0,6000.0,0.0,0.0,0.0,0.0,0.0,0.0,0.0,0.0,0.0,0.0
2022-12-30,10537000.0,5374000.0,5163000.0,4129000.0,1034000.0,-56000.0,-198000.0,780000.0,298000.0,482000.0,489000.0,9.57,9.53,50345.35,51335.62,1034000.0,9503000.0,482000.0,604364.0,265000.0,321000.0,-56000.0,1101000.0,1504000.0,5374000.0,403000.0,482000.0,1702000.0,0.0,13736000.0,11909000.0,1827000.0,4417000.0,1827000.0,707000.0,1649000.0,2391000.0,6534000.0,1649000.0,5414000.0,2797000.0,50257.75,50257.75,2940000.0,-3871000.0,916000.0,3363000.0,437000.0,247000.0,-455000.0,0.0,17017000.0,-15953000.0,-148000.0,2485000.0,MELI,-198000.0,-198000.0,-75636.0,0.0,7000.0,0.0,0.0,0.0,0.0,0.0,0.0,0.0,0.0,0.0,0.0
2021-12-31,7069000.0,4064000.0,3005000.0,2564000.0,441000.0,-91000.0,-109000.0,241000.0,149000.0,83000.0,83000.0,1.67,1.67,49802.99,49802.99,441000.0,6628000.0,83000.0,154940.0,138000.0,229000.0,-91000.0,470000.0,674000.0,4064000.0,204000.0,83000.0,783000.0,0.0,10101000.0,8570000.0,1531000.0,3728000.0,1531000.0,510000.0,1338000.0,2338000.0,5003000.0,1338000.0,3982000.0,887000.0,50418.98,50418.98,965000.0,-1597000.0,1925000.0,3648000.0,282000.0,58000.0,-609000.0,1520000.0,9262000.0,-8664000.0,-486000.0,356000.0,MELI,-109000.0,-109000.0,-37060.0,-9000.0,0.0,0.0,0.0,0.0,0.0,0.0,0.0,0.0,0.0,0.0,0.0
2020-12-31,3974000.0,2265000.0,1709000.0,1581000.0,128000.0,-4000.0,-43000.0,81000.0,82000.0,-4000.0,-4000.0,-0.08,-0.08,49740.41,49740.41,128000.0,3846000.0,-1000.0,27380.0,103000.0,107000.0,-4000.0,188000.0,293000.0,2265000.0,105000.0,-1000.0,336000.0,0.0,6526332.0,4874754.0,1651578.0,2496193.0,1651578.0,322502.0,1552212.0,1710927.0,3037192.0,1552212.0,1708116.0,0.0,49869.73,49869.73,1182000.0,-252000.0,242000.0,2508000.0,140000.0,54000.0,-247000.0,0.0,2396000.0,-1790000.0,-54000.0,935000.0,MELI,-43000.0,-43000.0,-14620.0,0.0,0.0,0.0,0.0,0.0,0.0,0.0,0.0,0.0,0.0,0.0,0.0
2019-12-31,0.0,0.0,0.0,0.0,0.0,0.0,0.0,0.0,0.0,0.0,0.0,0.0,0.0,0.0,0.0,0.0,0.0,0.0,0.0,0.0,0.0,0.0,0.0,0.0,0.0,0.0,0.0,0.0,0.0,0.0,0.0,0.0,0.0,0.0,0.0,0.0,0.0,0.0,0.0,0.0,0.0,0.0,0.0,0.0,0.0,0.0,0.0,0.0,0.0,0.0,0.0,0.0,0.0,0.0,0.0,MELI,0.0,0.0,0.0,0.0,0.0,0.0,0.0,98843.0,0.0,0.0,0.0,0.0,0.0,0.0,0.0
2023-09-29,35975600.0,26129400.0,9846200.0,4343300.0,5502900.0,-468900.0,367900.0,5401900.0,1277200.0,4124500.0,4124500.0,3.6,3.58,1146800.0,1151300.0,5870800.0,30472700.0,4124500.0,4071402.0,81200.0,550100.0,-468900.0,5952000.0,7402300.0,26041700.0,1450300.0,4124500.0,7332800.0,0.0,29445500.0,37433300.0,-7987800.0,5552800.0,-7994800.0,9200100.0,-11333600.0,-2041900.0,7404900.0,-11333600.0,24599800.0,11848200.0,1142600.0,1142600.0,6008700.0,-2270800.0,-2990600.0,3551500.0,1294200.0,524300.0,-2333600.0,167400.0,1612400.0,-1253800.0,-984400.0,3675100.0,SBUX,69500.0,69500.0,16402.0,0.0,0.0,0.0,2871000.0,0.0,0.0,0.0,0.0,0.0,0.0,0.0,0.0
2022-09-30,32250300.0,23879200.0,8371100.0,3941400.0,4429700.0,-385900.0,188100.0,4231900.0,948500.0,3281600.0,3281600.0,2.86,2.83,1147900.0,1158500.0,4617800.0,27820600.0,3281600.0,3317296.0,97000.0,482900.0,-385900.0,4714800.0,6244200.0,23797700.0,1529400.0,3281600.0,6290200.0,0.0,27978400.0,36677100.0,-8698700.0,4413300.0,-8706600.0,8760900.0,-12146000.0,-2133100.0,6337300.0,-12146000.0,23804800.0,12225500.0,1147900.0,1147900.0,4397300.0,-2146300.0,-5638000.0,2818400.0,1157600.0,474700.0,-1841300.0,101600.0,1709700.0,-1036600.0,-4013000.0,2556000.0,SBUX,-46000.0,-46000.0,-10304.0,0.0,0.0,0.0,2674100.0,0.0,0.0,0.0,0.0,0.0,0.0,0.0,0.0
2021-09-30,29060600.0,20669600.0,8391000.0,3733800.0,4657200.0,-379700.0,1079400.0,5356900.0,1156600.0,4199300.0,4199300.0,3.56,3.54,1180000.0,1185500.0,4872100.0,24403400.0,4199300.0,3655125.6,90100.0,469800.0,-379700.0,5826700.0,7350800.0,20587200.0,1524100.0,4199300.0,6656700.0,0.0,31392600.0,36707100.0,-5314500.0,8295700.0,-5321200.0,8989300.0,-9348400.0,1605000.0,9294600.0,-9348400.0,23605100.0,8160100.0,1180000.0,1180000.0,5989100.0,-319500.0,-3651000.0,6455700.0,756300.0,501100.0,-1470000.0,246200.0,215100.0,-1896300.0,0.0,4519100.0,SBUX,694100.0,694100.0,149925.6,0.0,0.0,0.0,2561500.0,0.0,0.0,0.0,0.0,0.0,0.0,0.0,0.0
2020-09-30,23518000.0,18458900.0,5059100.0,3541200.0,1517900.0,-397300.0,43800.0,1164400.0,239700.0,928300.0,928300.0,0.79,0.79,1173300.0,1181800.0,1561700.0,22000100.0,928300.0,1149587.8,39700.0,437000.0,-397300.0,1601400.0,3104600.0,18387000.0,1503200.0,928300.0,3383300.0,0.0,29374500.0,37173900.0,-7799400.0,6854500.0,-7805100.0,8910500.0,-11954400.0,459600.0,8543200.0,-11954400.0,25258800.0,11997400.0,1173300.0,1173300.0,1597800.0,-1711500.0,1713300.0,4350900.0,1699100.0,396900.0,-1483600.0,298800.0,6134200.0,-967700.0,-1698900.0,114200.0,SBUX,-278700.0,-278700.0,-57412.2,0.0,0.0,0.0,2388000.0,0.0,0.0,0.0,0.0,0.0,0.0,0.0,0.0
2019-09-30,0.0,0.0,0.0,0.0,0.0,0.0,0.0,0.0,0.0,0.0,0.0,0.0,0.0,0.0,0.0,0.0,0.0,0.0,0.0,0.0,0.0,0.0,0.0,0.0,0.0,0.0,0.0,0.0,0.0,0.0,0.0,0.0,0.0,0.0,0.0,0.0,0.0,0.0,0.0,0.0,0.0,0.0,0.0,0.0,0.0,0.0,0.0,0.0,0.0,0.0,0.0,0.0,0.0,0.0,0.0,SBUX,0.0,0.0,0.0,0.0,0.0,0.0,0.0,0.0,0.0,0.0,0.0,0.0,0.0,0.0,0.0
2023-12-29,25493700.0,10931200.0,14562500.0,2816900.0,11745600.0,-1174800.0,-48900.0,10522200.0,2053400.0,8468800.0,8468800.0,11.63,11.56,727900.0,732300.0,11646700.0,13748100.0,8468800.0,8656606.5,186000.0,1360800.0,-1174800.0,11883000.0,13861200.0,9334700.0,1978200.0,8468800.0,14094500.0,0.0,56146800.0,60853500.0,-4706700.0,32446200.0,-4706700.0,13745800.0,-7747100.0,1127400.0,34638600.0,-7747100.0,53091100.0,34766000.0,1660600.0,722700.0,9611900.0,-3184500.0,-4374100.0,4579300.0,2992900.0,1286900.0,-2357400.0,0.0,5221100.0,-2441100.0,-3054300.0,7254500.0,MCD,-233300.0,-233300.0,-45493.5,0.0,0.0,937900.0,4773900.0,0.0,0.0,0.0,0.0,0.0,0.0,0.0,0.0
2022-12-30,23182600.0,9975400.0,13207200.0,2862600.0,10344600.0,-1163000.0,-1356600.0,7825400.0,1648000.0,6177400.0,6177400.0,8.45,8.33,731300.0,741300.0,9371000.0,12838000.0,6177400.0,6929159.2,44000.0,1207000.0,-1163000.0,9032400.0,10903000.0,8475200.0,1870600.0,6177400.0,11855800.0,0.0,50435600.0,56439000.0,-6003400.0,29900100.0,-6003400.0,12795500.0,-8903800.0,1622100.0,29900100.0,-8903800.0,48699000.0,33319700.0,1660600.0,731300.0,7386700.0,-2678100.0,-6580200.0,2583800.0,3023500.0,1183500.0,-1899200.0,0.0,3374500.0,-2202400.0,-3896000.0,5487500.0,MCD,-952800.0,-952800.0,-201040.8,0.0,0.0,929300.0,4375900.0,0.0,0.0,0.0,0.0,0.0,0.0,0.0,0.0
2021-12-31,23222900.0,10642700.0,12580200.0,2707500.0,9872700.0,-1176800.0,432300.0,9127900.0,1582700.0,7545200.0,7545200.0,10.13,10.04,744800.0,751800.0,10356000.0,13350200.0,7545200.0,7322240.8,9000.0,1185800.0,-1176800.0,10313700.0,12181800.0,9104300.0,1868100.0,7545200.0,11912200.0,0.0,53854300.0,58455300.0,-4601000.0,31021700.0,-4601000.0,13726400.0,-7383500.0,3128500.0,31021700.0,-7383500.0,49349100.0,30913500.0,1660600.0,744800.0,9141500.0,-2165700.0,-5595600.0,4709200.0,2403900.0,1197300.0,-2040000.0,0.0,1154400.0,-2240000.0,-845500.0,7101500.0,MCD,269600.0,269600.0,46640.8,0.0,0.0,915800.0,4608300.0,0.0,0.0,0.0,0.0,0.0,0.0,0.0,0.0
2020-12-31,19207800.0,9455700.0,9752100.0,2545600.0,7206500.0,-1200100.0,134500.0,6140700.0,1410200.0,4730500.0,4730500.0,6.35,6.31,745400.0,750100.0,7324000.0,12001300.0,4730500.0,4728113.0,18000.0,1218100.0,-1200100.0,7358800.0,9110200.0,8004900.0,1751400.0,4730500.0,9107100.0,0.0,52626800.0,60451700.0,-7824900.0,27371900.0,-7824900.0,14022800.0,-10598000.0,62000.0,29615500.0,-10598000.0,51463200.0,33991300.0,1660600.0,745400.0,6265200.0,-1545800.0,-2249000.0,3449100.0,1441900.0,1136000.0,-1640800.0,0.0,5543000.0,-2411700.0,-907800.0,4624400.0,MCD,3100.0,3100.0,713.0,0.0,0.0,915200.0,4208100.0,0.0,0.0,0.0,0.0,0.0,0.0,0.0,0.0
2019-12-31,0.0,0.0,0.0,0.0,0.0,0.0,0.0,0.0,0.0,0.0,0.0,0.0,0.0,0.0,0.0,0.0,0.0,0.0,0.0,0.0,0.0,0.0,0.0,0.0,0.0,0.0,0.0,0.0,0.0,0.0,0.0,0.0,0.0,0.0,0.0,0.0,0.0,0.0,0.0,0.0,0.0,0.0,0.0,0.0,0.0,0.0,0.0,0.0,0.0,0.0,0.0,0.0,0.0,0.0,0.0,MCD,0.0,0.0,0.0,0.0,0.0,0.0,0.0,0.0,0.0,0.0,0.0,0.0,0.0,0.0,0.0
2023-12-29,1087533.0,609295.0,478238.0,450079.0,28159.0,-1717.0,-9462.0,16980.0,-4010.0,20264.0,20264.0,0.5,0.47,39419.0,43899.0,5921.0,1059374.0,20264.0,37832.02,0.0,1717.0,-1717.0,18697.0,111737.0,607497.0,93040.0,20264.0,133975.0,0.0,1605857.0,1136487.0,469370.0,689053.0,443417.0,525693.0,443417.0,170365.0,689053.0,443417.0,771329.0,20983.0,39474.32,39474.32,132139.0,-132320.0,-5684.0,224653.0,4056.0,537.0,-146167.0,0.0,0.0,-3272.0,0.0,-14028.0,SHAK,-22238.0,-22238.0,-4669.98,0.0,0.0,0.0,79846.0,0.0,0.0,0.0,0.0,0.0,0.0,0.0,0.0
2022-12-30,900486.0,518942.0,381544.0,390963.0,-9419.0,-1518.0,-13348.0,-24285.0,-1180.0,-21229.0,-21229.0,-0.61,-0.61,39237.0,39237.0,-26894.0,909905.0,-21229.0,-4610.28,0.0,1518.0,-1518.0,-22767.0,51529.0,517442.0,74296.0,-21229.0,69004.0,0.0,1511950.0,1075114.0,436836.0,656793.0,412204.0,475920.0,412204.0,196270.0,656793.0,412204.0,720509.0,14068.0,39285.0,39285.0,76742.0,-143424.0,-5202.0,230521.0,3731.0,252.0,-142559.0,0.0,0.0,-2974.0,0.0,-65817.0,SHAK,-17475.0,-17475.0,-856.28,0.0,0.0,0.0,68508.0,0.0,0.0,0.0,0.0,0.0,0.0,0.0,0.0
2021-12-31,739893.0,433376.0,306517.0,307447.0,-930.0,-1577.0,-14828.0,-17335.0,-11318.0,-4561.0,-4561.0,-0.22,-0.22,39085.0,39085.0,-15853.0,740823.0,-4561.0,6332.79,0.0,1577.0,-1577.0,-15758.0,44478.0,432131.0,60236.0,-4561.0,59401.0,0.0,1457570.0,1021970.0,435600.0,653079.0,409537.0,442646.0,409537.0,288179.0,653079.0,409537.0,686188.0,0.0,39142.4,39142.4,58404.0,-144890.0,242021.0,302406.0,2808.0,252.0,-101495.0,0.0,243750.0,-2694.0,0.0,-43091.0,SHAK,-14923.0,-14923.0,-4029.21,0.0,0.0,0.0,59228.0,0.0,0.0,0.0,0.0,0.0,0.0,0.0,0.0
2020-12-31,522867.0,310149.0,212718.0,237863.0,-25145.0,-815.0,-19517.0,-45477.0,57.0,-42158.0,-42158.0,-1.14,-1.14,37129.0,37129.0,-43876.0,548012.0,-42158.0,-28484.37,0.0,815.0,-815.0,-44662.0,5583.0,308705.0,50245.0,-42158.0,24314.0,0.0,1145348.0,710855.0,434493.0,407321.0,407321.0,384977.0,407321.0,93481.0,407321.0,407321.0,384977.0,0.0,38717.79,38717.79,37350.0,-69397.0,141821.0,146873.0,0.0,0.0,-69038.0,144997.0,50000.0,-52206.0,0.0,-31688.0,SHAK,-18731.0,-18731.0,-5057.37,0.0,0.0,0.0,51592.0,0.0,0.0,0.0,0.0,0.0,0.0,0.0,0.0
2019-12-31,0.0,0.0,0.0,0.0,0.0,0.0,0.0,0.0,0.0,0.0,0.0,0.0,0.0,0.0,0.0,0.0,0.0,0.0,0.0,0.0,0.0,0.0,0.0,0.0,0.0,0.0,0.0,0.0,0.0,0.0,0.0,0.0,0.0,0.0,0.0,0.0,0.0,0.0,0.0,0.0,0.0,0.0,0.0,0.0,0.0,0.0,0.0,0.0,0.0,0.0,0.0,0.0,0.0,0.0,0.0,SHAK,0.0,0.0,0.0,0.0,0.0,0.0,0.0,0.0,0.0,0.0,0.0,0.0,0.0,0.0,0.0
2023-12-29,4479358.0,2751941.0,1727417.0,907749.0,819668.0,-184792.0,17564.0,652440.0,133322.0,519118.0,519118.0,14.8,14.66,35081.78,35401.31,819519.0,3659690.0,519118.0,519236.6,11683.0,196475.0,-184792.0,848915.0,929555.0,2751941.0,80640.0,519118.0,929704.0,0.0,1674899.0,5745266.0,-4070367.0,863695.0,-4070367.0,218878.0,-4216160.0,269941.0,920061.0,-4216160.0,5209306.0,4876330.0,34726.18,34726.18,590864.0,-106917.0,-476358.0,403133.0,0.0,0.0,-105396.0,0.0,14898.0,-55705.0,-269025.0,485468.0,DPZ,-149.0,-149.0,-30.4,0.0,0.0,0.0,0.0,0.0,0.0,0.0,0.0,0.0,0.0,0.0,0.0
2022-12-30,4537158.0,2888552.0,1648606.0,901854.0,746752.0,-195092.0,21173.0,572833.0,120570.0,452263.0,452263.0,12.78,12.53,35419.72,36093.75,767925.0,3790406.0,452263.0,435536.33,3162.0,198254.0,-195092.0,771087.0,851338.0,2888552.0,80251.0,452263.0,830165.0,0.0,1602221.0,5791286.0,-4189065.0,778355.0,-4189065.0,230121.0,-4309182.0,254033.0,833168.0,-4309182.0,5252354.0,4961877.0,35419.72,35419.72,475317.0,-53681.0,-515949.0,395204.0,0.0,0.0,-87234.0,0.0,120000.0,-175676.0,-293740.0,388083.0,DPZ,21173.0,21173.0,4446.33,0.0,0.0,0.0,0.0,0.0,0.0,0.0,0.0,0.0,0.0,0.0,0.0
2021-12-31,4357373.0,2669131.0,1688242.0,907834.0,780408.0,-191461.0,36758.0,625705.0,115238.0,510467.0,510467.0,14.04,13.54,36138.27,37691.35,780408.0,3576965.0,510467.0,510467.0,345.0,191806.0,-191461.0,817511.0,890434.0,2669131.0,72923.0,510467.0,890434.0,0.0,1671816.0,5881352.0,-4209536.0,728764.0,-4209536.0,297964.0,-4320128.0,269799.0,784352.0,-4320128.0,5291852.0,4845728.0,36138.27,36138.27,654206.0,-142723.0,-522833.0,490480.0,0.0,0.0,-94172.0,0.0,1850000.0,-910212.0,-1320902.0,560034.0,DPZ,0.0,0.0,0.0,0.0,0.0,0.0,0.0,0.0,0.0,0.0,0.0,0.0,0.0,0.0,0.0
2020-12-31,4117411.0,2522918.0,1594493.0,868851.0,725642.0,-170512.0,0.0,555130.0,63834.0,491296.0,491296.0,12.47,12.39,38868.35,39640.79,725642.0,3391769.0,491296.0,491296.0,1654.0,172166.0,-170512.0,727296.0,792334.0,2522918.0,65038.0,491296.0,792334.0,0.0,1567168.0,4867573.0,-3300405.0,755058.0,-3300405.0,298684.0,-3396772.0,398565.0,757913.0,-3396772.0,4357002.0,3889497.0,38868.35,38868.35,592794.0,-128927.0,-446406.0,168821.0,0.0,0.0,-88768.0,0.0,158000.0,-202058.0,-304590.0,504026.0,DPZ,0.0,0.0,0.0,0.0,0.0,0.0,0.0,0.0,0.0,0.0,0.0,0.0,0.0,0.0,0.0
2019-12-31,0.0,0.0,0.0,0.0,0.0,0.0,0.0,0.0,0.0,0.0,0.0,0.0,0.0,0.0,0.0,0.0,0.0,0.0,0.0,0.0,0.0,0.0,0.0,0.0,0.0,0.0,0.0,0.0,0.0,0.0,0.0,0.0,0.0,0.0,0.0,0.0,0.0,0.0,0.0,0.0,0.0,0.0,0.0,0.0,0.0,0.0,0.0,0.0,0.0,0.0,0.0,0.0,0.0,0.0,0.0,DPZ,0.0,0.0,0.0,0.0,0.0,0.0,0.0,0.0,0.0,0.0,0.0,0.0,0.0,0.0,0.0
2023-12-29,2135713.0,1714124.0,421589.0,265432.0,156157.0,-43469.0,-9015.0,103673.0,20874.0,82098.0,82098.0,2.49,2.48,32931.0,33159.0,147142.0,1979556.0,82098.0,89300.99,0.0,43469.0,-43469.0,147142.0,211232.0,1714124.0,64090.0,82098.0,220247.0,0.0,875005.0,1317770.0,-442765.0,298330.0,-459092.0,208299.0,-535298.0,-73578.0,298330.0,-535298.0,965721.0,716835.0,49235.0,32488.0,193055.0,-75123.0,-124076.0,40587.0,0.0,0.0,-76620.0,0.0,159000.0,-8821.0,-210348.0,116435.0,PZZA,-9015.0,-9015.0,-1812.02,0.0,0.0,16747.0,0.0,0.0,0.0,0.0,0.0,0.0,0.0,0.0,0.0
2022-12-30,2102103.0,1711564.0,390539.0,233189.0,157350.0,-25261.0,-48320.0,83769.0,14420.0,67362.0,67362.0,1.9,1.89,35497.0,35717.0,109030.0,1944753.0,67772.0,107780.96,0.0,25261.0,-25261.0,109030.0,161062.0,1711564.0,52032.0,67772.0,209382.0,0.0,864227.0,1133674.0,-269447.0,310676.0,-286393.0,210195.0,-357009.0,-14118.0,310676.0,-357009.0,807264.0,549696.0,49138.0,34736.0,117808.0,-62793.0,-76240.0,47373.0,0.0,0.0,-78391.0,0.0,115000.0,-5416.0,-125000.0,39417.0,PZZA,-48320.0,-48320.0,-8311.04,0.0,0.0,14402.0,0.0,0.0,0.0,0.0,0.0,0.0,0.0,0.0,0.0
2021-12-31,2068421.0,1639099.0,429322.0,261081.0,168241.0,-17293.0,-11182.0,150948.0,25993.0,4073.0,4073.0,0.12,0.12,35007.0,35337.0,168241.0,1900180.0,120016.0,120016.0,0.0,17293.0,-17293.0,168241.0,217057.0,1639099.0,48816.0,120016.0,217057.0,0.0,885704.0,1052664.0,-166960.0,293060.0,-187670.0,204772.0,-268302.0,-32415.0,293060.0,-268302.0,685502.0,410120.0,49002.0,35797.0,184675.0,-63512.0,-180526.0,70610.0,0.0,0.0,-68559.0,0.0,480000.0,-344566.0,-261146.0,116116.0,PZZA,0.0,0.0,0.0,0.0,0.0,13205.0,0.0,0.0,0.0,0.0,0.0,0.0,0.0,0.0,0.0
2020-12-31,1813234.0,1469034.0,344200.0,247962.0,96238.0,-17022.0,-3854.0,75362.0,14748.0,41737.0,41737.0,1.29,1.28,32421.0,32717.0,90253.0,1716996.0,57932.0,61030.62,0.0,17022.0,-17022.0,92384.0,142089.0,1469034.0,49705.0,57932.0,145943.0,0.0,872770.0,1133235.0,-260465.0,46114.0,-282178.0,165280.0,-362969.0,17538.0,66114.0,-362969.0,513572.0,218088.0,45288.0,32545.0,186439.0,-41071.0,-43461.0,130204.0,0.0,0.0,-35652.0,0.0,0.0,-20000.0,-2701.0,150787.0,PZZA,-3854.0,-3854.0,-755.38,0.0,0.0,12743.0,0.0,0.0,252.5,0.0,0.0,0.0,0.0,0.0,0.0
2019-12-31,0.0,0.0,0.0,0.0,0.0,0.0,0.0,0.0,0.0,0.0,0.0,0.0,0.0,0.0,0.0,0.0,0.0,0.0,0.0,0.0,0.0,0.0,0.0,0.0,0.0,0.0,0.0,0.0,0.0,0.0,0.0,0.0,0.0,0.0,0.0,0.0,0.0,0.0,0.0,0.0,0.0,0.0,0.0,0.0,0.0,0.0,0.0,0.0,0.0,0.0,252530.0,0.0,0.0,0.0,0.0,PZZA,0.0,0.0,0.0,0.0,0.0,0.0,0.0,0.0,0.0,0.0,0.0,0.0,0.0,0.0,0.0
2023-09-29,32653000.0,6567000.0,26086000.0,4159000.0,21927000.0,-644000.0,-246000.0,21037000.0,3764000.0,17273000.0,17273000.0,8.29,8.28,1618000.0,2085000.0,21000000.0,10726000.0,17273000.0,17474966.0,0.0,644000.0,-644000.0,21681000.0,22624000.0,6567000.0,943000.0,17273000.0,22870000.0,0.0,90499000.0,51766000.0,38733000.0,59196000.0,38733000.0,0.0,-5368000.0,10434000.0,59196000.0,-5368000.0,20463000.0,4177000.0,2068027.5,2068027.5,20755000.0,-2006000.0,-17772000.0,21990000.0,3433000.0,617000.0,-1059000.0,0.0,0.0,-2250000.0,-12101000.0,19696000.0,V,-246000.0,-246000.0,-44034.0,0.0,0.0,0.0,0.0,0.0,0.0,0.0,0.0,0.0,0.0,0.0,0.0
2022-09-30,29310000.0,5733000.0,23577000.0,3896000.0,19681000.0,-538000.0,-1007000.0,18136000.0,3179000.0,14957000.0,14957000.0,7.01,7.0,1651000.0,2136000.0,18813000.0,9629000.0,14957000.0,15787775.0,0.0,538000.0,-538000.0,18674000.0,19535000.0,5733000.0,861000.0,14957000.0,20542000.0,0.0,85501000.0,49920000.0,35581000.0,55781000.0,35581000.0,0.0,-7271000.0,9352000.0,58031000.0,-7271000.0,22450000.0,6761000.0,2112583.0,2112583.0,18849000.0,-4288000.0,-12696000.0,20377000.0,3741000.0,607000.0,-970000.0,0.0,3218000.0,-1000000.0,-11589000.0,17879000.0,V,-1007000.0,-1007000.0,-176225.0,0.0,0.0,0.0,0.0,2324000.0,0.0,0.0,0.0,0.0,0.0,0.0,0.0
2021-09-30,24105000.0,4970000.0,19135000.0,3328000.0,15807000.0,-513000.0,769000.0,16063000.0,3752000.0,12311000.0,12311000.0,5.63,5.63,2130301.0,2188000.0,15804000.0,8298000.0,12311000.0,11721946.0,0.0,513000.0,-513000.0,16576000.0,17380000.0,4970000.0,804000.0,12311000.0,16611000.0,0.0,82896000.0,45307000.0,37589000.0,57567000.0,37589000.0,0.0,-6033000.0,11868000.0,58566000.0,-6033000.0,20977000.0,4490000.0,2143027.5,2143027.5,15227000.0,-152000.0,-14410000.0,19799000.0,3012000.0,643000.0,-705000.0,0.0,0.0,-3000000.0,-8676000.0,14522000.0,V,769000.0,769000.0,179946.0,0.0,0.0,0.0,0.0,3080000.0,0.0,0.0,0.0,0.0,0.0,0.0,0.0
2020-09-30,21846000.0,4512000.0,17334000.0,3242000.0,14092000.0,-516000.0,214000.0,13790000.0,2924000.0,10866000.0,10866000.0,4.9,4.89,2140301.0,2223000.0,14081000.0,7754000.0,10866000.0,10697368.0,0.0,516000.0,-516000.0,14306000.0,15073000.0,4512000.0,767000.0,10866000.0,14859000.0,0.0,80919000.0,44709000.0,36210000.0,57281000.0,31124000.0,0.0,-7508000.0,13135000.0,55194000.0,-12594000.0,24070000.0,7781000.0,2120445.5,2120445.5,10440000.0,1427000.0,-3968000.0,19171000.0,2671000.0,537000.0,-736000.0,0.0,7212000.0,0.0,-8114000.0,9704000.0,V,214000.0,214000.0,45368.0,0.0,0.0,0.0,0.0,5086000.0,0.0,0.0,0.0,0.0,0.0,0.0,0.0
2019-09-30,0.0,0.0,0.0,0.0,0.0,0.0,0.0,0.0,0.0,0.0,0.0,0.0,0.0,0.0,0.0,0.0,0.0,0.0,0.0,0.0,0.0,0.0,0.0,0.0,0.0,0.0,0.0,0.0,0.0,0.0,0.0,0.0,0.0,0.0,0.0,0.0,0.0,0.0,0.0,0.0,0.0,0.0,0.0,0.0,0.0,0.0,0.0,0.0,0.0,0.0,0.0,0.0,0.0,0.0,0.0,V,0.0,0.0,0.0,0.0,0.0,0.0,0.0,5462000.0,0.0,0.0,0.0,0.0,0.0,0.0,0.0
2023-12-29,25098000.0,6022000.0,19076000.0,4446000.0,14630000.0,-575000.0,-416000.0,13639000.0,2444000.0,11195000.0,11195000.0,11.86,11.83,944000.0,946000.0,14008000.0,10468000.0,11195000.0,11530789.0,0.0,575000.0,-575000.0,14214000.0,15013000.0,6022000.0,799000.0,11195000.0,15422000.0,0.0,42448000.0,35451000.0,6997000.0,21273000.0,6929000.0,0.0,-4817000.0,2697000.0,22610000.0,-4817000.0,15681000.0,7093000.0,1409000.0,934000.0,11980000.0,-1351000.0,-9488000.0,10465000.0,0.0,0.0,-1088000.0,0.0,1554000.0,0.0,-9032000.0,10892000.0,MA,-409000.0,-409000.0,-73211.0,0.0,0.0,475000.0,0.0,0.0,0.0,0.0,0.0,0.0,0.0,0.0,0.0
2022-12-30,22237000.0,5263000.0,16974000.0,4252000.0,12722000.0,-471000.0,-519000.0,11732000.0,1802000.0,9930000.0,9930000.0,10.26,10.22,968000.0,971000.0,12264000.0,9515000.0,9930000.0,10388532.0,0.0,471000.0,-471000.0,12203000.0,12953000.0,5263000.0,750000.0,9930000.0,13495000.0,0.0,38724000.0,32347000.0,6377000.0,20047000.0,6298000.0,0.0,-5083000.0,2435000.0,20321000.0,-5083000.0,14023000.0,7015000.0,1407000.0,956000.0,11195000.0,-1470000.0,-10328000.0,9196000.0,0.0,0.0,-1097000.0,0.0,1123000.0,-724000.0,-8753000.0,10098000.0,MA,-542000.0,-542000.0,-83468.0,0.0,0.0,451000.0,0.0,0.0,0.0,0.0,0.0,0.0,0.0,0.0,0.0
2021-12-31,18884000.0,4489000.0,14395000.0,4168000.0,10227000.0,-431000.0,511000.0,10307000.0,1620000.0,8687000.0,8687000.0,8.79,8.76,988000.0,992000.0,10082000.0,8657000.0,8687000.0,8256227.0,0.0,431000.0,-431000.0,10738000.0,11464000.0,4489000.0,726000.0,8687000.0,10953000.0,0.0,37669000.0,30257000.0,7412000.0,20421000.0,7312000.0,0.0,-4021000.0,3787000.0,21213000.0,-4021000.0,13901000.0,6480000.0,1405000.0,980000.0,9463000.0,-5272000.0,-6555000.0,9902000.0,0.0,0.0,-814000.0,0.0,2024000.0,-650000.0,-5904000.0,8649000.0,MA,511000.0,511000.0,80227.0,0.0,0.0,425000.0,0.0,0.0,0.0,0.0,0.0,0.0,0.0,0.0,0.0
2020-12-31,15301000.0,3787000.0,11514000.0,3351000.0,8163000.0,-380000.0,-23000.0,7760000.0,1349000.0,6411000.0,6411000.0,6.4,6.37,1002000.02,1006000.02,8081000.0,7138000.0,6411000.0,6434128.0,0.0,380000.0,-380000.0,8140000.0,8720000.0,3787000.0,580000.0,6411000.0,8748000.0,0.0,33584000.0,27067000.0,6517000.0,18414000.0,6391000.0,0.0,-322000.0,7266000.0,19063000.0,-322000.0,12672000.0,2559000.0,1404454.9,995454.9,7224000.0,-1879000.0,-2152000.0,12419000.0,0.0,0.0,-708000.0,0.0,3959000.0,0.0,-4473000.0,6516000.0,MA,-28000.0,-28000.0,-4872.0,0.0,0.0,409000.0,0.0,0.0,0.0,0.0,0.0,0.0,0.0,0.0,0.0
2019-12-31,0.0,0.0,0.0,0.0,0.0,0.0,0.0,0.0,0.0,0.0,0.0,0.0,0.0,0.0,0.0,0.0,0.0,0.0,0.0,0.0,0.0,0.0,0.0,0.0,0.0,0.0,0.0,0.0,0.0,0.0,0.0,0.0,0.0,0.0,0.0,0.0,0.0,0.0,0.0,0.0,0.0,0.0,0.0,0.0,0.0,0.0,0.0,0.0,0.0,0.0,0.0,0.0,0.0,0.0,0.0,MA,0.0,0.0,0.0,0.0,0.0,0.0,0.0,0.0,0.0,0.0,0.0,0.0,0.0,0.0,0.0
2023-12-29,29771000.0,16067000.0,13704000.0,8760000.0,4944000.0,133000.0,334000.0,5411000.0,1165000.0,4246000.0,4246000.0,3.85,3.84,1103000.0,1107000.0,5028000.0,24827000.0,4246000.0,4022275.0,480000.0,347000.0,133000.0,5758000.0,6830000.0,16067000.0,1072000.0,4246000.0,6545000.0,0.0,82166000.0,61115000.0,21051000.0,30727000.0,21051000.0,0.0,9488000.0,14103000.0,30727000.0,9488000.0,9676000.0,595000.0,1317000.0,1072000.0,4843000.0,752000.0,-2993000.0,21834000.0,2118000.0,331000.0,-623000.0,127000.0,1528000.0,-1053000.0,-5002000.0,4220000.0,PYPL,285000.0,285000.0,61275.0,0.0,0.0,245000.0,0.0,0.0,0.0,0.0,0.0,0.0,0.0,0.0,0.0
2022-12-30,27518000.0,13745000.0,13773000.0,9729000.0,4044000.0,-130000.0,-548000.0,3366000.0,947000.0,2419000.0,2419000.0,2.1,2.09,1154000.0,1158000.0,3837000.0,23474000.0,2419000.0,2786409.0,174000.0,304000.0,-130000.0,3670000.0,4987000.0,13745000.0,1317000.0,2419000.0,5498000.0,0.0,78624000.0,58350000.0,20274000.0,30691000.0,20274000.0,0.0,8277000.0,12416000.0,30691000.0,8277000.0,10417000.0,2641000.0,1309000.0,1136000.0,5813000.0,-3328000.0,-1203000.0,19156000.0,878000.0,280000.0,-706000.0,143000.0,3475000.0,-1686000.0,-4199000.0,5107000.0,PYPL,-511000.0,-511000.0,-143591.0,0.0,0.0,173000.0,0.0,0.0,0.0,0.0,0.0,0.0,0.0,0.0,0.0
2021-12-31,25371000.0,11375000.0,13996000.0,9672000.0,4324000.0,-175000.0,-50000.0,4099000.0,-70000.0,4169000.0,4169000.0,3.55,3.52,1174000.0,1186000.0,4262000.0,21047000.0,4169000.0,4180680.0,57000.0,232000.0,-175000.0,4331000.0,5596000.0,11375000.0,1265000.0,4169000.0,5612000.0,0.0,75803000.0,54076000.0,21727000.0,29776000.0,21727000.0,0.0,8941000.0,9545000.0,29776000.0,8941000.0,8049000.0,2852000.0,1300000.0,1168000.0,5797000.0,-5149000.0,-557000.0,18029000.0,474000.0,231000.0,-908000.0,162000.0,272000.0,-361000.0,-3373000.0,4889000.0,PYPL,-16000.0,-16000.0,-4320.0,0.0,0.0,132000.0,0.0,0.0,0.0,0.0,0.0,0.0,0.0,0.0,0.0
2020-12-31,21454000.0,9675000.0,11779000.0,8351000.0,3428000.0,-121000.0,1758000.0,5065000.0,863000.0,4202000.0,4202000.0,3.58,3.54,1173000.0,1187000.0,3289000.0,18026000.0,4202000.0,2728750.0,88000.0,209000.0,-121000.0,5274000.0,6463000.0,9675000.0,1189000.0,4202000.0,4688000.0,0.0,70379000.0,50316000.0,20063000.0,28958000.0,20019000.0,0.0,9836000.0,12548000.0,28958000.0,9836000.0,8939000.0,4145000.0,1288691.81,1171691.81,6219000.0,-16545000.0,12454000.0,18040000.0,565000.0,190000.0,-866000.0,137000.0,6966000.0,-3000000.0,-1635000.0,5353000.0,PYPL,1775000.0,1775000.0,301750.0,0.0,0.0,117000.0,0.0,0.0,0.0,0.0,0.0,0.0,0.0,0.0,0.0
2019-12-31,0.0,0.0,0.0,0.0,0.0,0.0,0.0,0.0,0.0,0.0,0.0,0.0,0.0,0.0,0.0,0.0,0.0,0.0,0.0,0.0,0.0,0.0,0.0,0.0,0.0,0.0,0.0,0.0,0.0,0.0,0.0,0.0,0.0,0.0,0.0,0.0,0.0,0.0,0.0,0.0,0.0,0.0,0.0,0.0,0.0,0.0,0.0,0.0,0.0,0.0,0.0,0.0,0.0,0.0,0.0,PYPL,0.0,0.0,0.0,0.0,0.0,0.0,0.0,0.0,0.0,0.0,0.0,0.0,0.0,0.0,0.0
2023-12-29,60363000.0,0.0,0.0,0.0,0.0,0.0,0.0,10513000.0,2139000.0,8252000.0,8252000.0,11.23,11.21,735000.0,736000.0,0.0,0.0,8374000.0,8516663.0,0.0,0.0,0.0,0.0,0.0,0.0,1651000.0,8374000.0,0.0,0.0,261108000.0,233051000.0,28057000.0,75923000.0,28057000.0,0.0,24108000.0,0.0,77216000.0,24108000.0,49159000.0,2629000.0,723000.0,723000.0,18559000.0,-24433000.0,18379000.0,46596000.0,0.0,0.0,-1563000.0,28000.0,15674000.0,-10703000.0,-3650000.0,16996000.0,AXP,-179000.0,-179000.0,-36337.0,0.0,0.0,0.0,0.0,0.0,1600.0,-4923000.0,44748000.0,-179000.0,8211000.0,2158000.0,0.0
2022-12-30,52560000.0,0.0,0.0,0.0,0.0,0.0,0.0,9585000.0,2071000.0,7400000.0,7400000.0,9.86,9.85,751000.0,752000.0,0.0,0.0,7514000.0,7625328.0,0.0,0.0,0.0,0.0,0.0,0.0,1626000.0,7514000.0,0.0,0.0,228354000.0,203643000.0,24711000.0,67281000.0,24711000.0,3000.0,20779000.0,0.0,68629000.0,20779000.0,43921000.0,10381000.0,743000.0,743000.0,21079000.0,-33689000.0,24509000.0,33914000.0,0.0,0.0,-1855000.0,56000.0,23230000.0,-18906000.0,-3502000.0,19224000.0,AXP,-142000.0,-142000.0,-30672.0,0.0,0.0,0.0,0.0,0.0,1600.0,-2182000.0,40651000.0,-142000.0,7713000.0,595000.0,0.0
2021-12-31,43147000.0,0.0,0.0,0.0,0.0,0.0,0.0,10689000.0,2629000.0,7917000.0,7917000.0,10.04,10.02,789000.0,790000.0,0.0,0.0,8060000.0,8052460.0,0.0,0.0,0.0,0.0,0.0,0.0,1695000.0,8060000.0,0.0,0.0,188548000.0,166371000.0,22177000.0,60838000.0,22177000.0,14000.0,18172000.0,0.0,63081000.0,18172000.0,40918000.0,19382000.0,761000.0,761000.0,14645000.0,-10529000.0,-14933000.0,22028000.0,0.0,0.0,-1550000.0,1648000.0,7788000.0,-11662000.0,-9252000.0,13095000.0,AXP,10000.0,10000.0,2460.0,0.0,0.0,0.0,0.0,0.0,1600.0,1419000.0,33887000.0,10000.0,9169000.0,100000.0,0.0
2020-12-31,36239000.0,0.0,0.0,0.0,0.0,0.0,0.0,4296000.0,1161000.0,3036000.0,3036000.0,3.77,3.77,805000.0,806000.0,0.0,0.0,3135000.0,3226250.0,0.0,0.0,0.0,0.0,0.0,0.0,1543000.0,3135000.0,0.0,0.0,191367000.0,168383000.0,22984000.0,65919000.0,22984000.0,17000.0,18867000.0,0.0,67797000.0,18867000.0,44830000.0,11987000.0,805000.0,805000.0,5591000.0,11632000.0,-9068000.0,32965000.0,0.0,0.0,-1478000.0,44000.0,69000.0,-15593000.0,-1029000.0,4113000.0,AXP,-125000.0,-125000.0,-33750.0,0.0,0.0,0.0,0.0,0.0,1600.0,-4730000.0,27088000.0,-125000.0,3255000.0,177000.0,0.0
2019-12-31,0.0,0.0,0.0,0.0,0.0,0.0,0.0,0.0,0.0,0.0,0.0,0.0,0.0,0.0,0.0,0.0,0.0,0.0,0.0,0.0,0.0,0.0,0.0,0.0,0.0,0.0,0.0,0.0,0.0,0.0,0.0,0.0,0.0,0.0,25000.0,0.0,0.0,0.0,0.0,0.0,0.0,0.0,0.0,0.0,0.0,0.0,0.0,0.0,0.0,0.0,0.0,0.0,0.0,0.0,0.0,AXP,0.0,0.0,0.0,0.0,0.0,0.0,0.0,0.0,0.0,0.0,0.0,0.0,0.0,0.0,0.0
2023-12-29,45754000.0,18520000.0,27234000.0,14151000.0,13083000.0,-620000.0,489000.0,12952000.0,2249000.0,10714000.0,10714000.0,2.48,2.47,4323000.0,4339000.0,11311000.0,32671000.0,10714000.0,11643250.0,907000.0,1527000.0,-620000.0,14479000.0,15607000.0,17407000.0,1128000.0,10714000.0,16732000.0,0.0,97703000.0,70223000.0,27480000.0,61488000.0,25941000.0,0.0,-7282000.0,3161000.0,68005000.0,-7282000.0,42064000.0,32698000.0,7040000.0,4308000.0,11599000.0,-3349000.0,-8310000.0,9692000.0,0.0,0.0,-1852000.0,539000.0,6891000.0,-5034000.0,-2289000.0,9747000.0,KO,-1125000.0,-1125000.0,-195750.0,0.0,0.0,2732000.0,0.0,0.0,0.0,0.0,0.0,0.0,0.0,0.0,0.0
2022-12-30,43004000.0,18000000.0,25004000.0,12962000.0,12042000.0,-433000.0,77000.0,11686000.0,2115000.0,9542000.0,9542000.0,2.2,2.19,4328000.0,4350000.0,10909000.0,30962000.0,9542000.0,10829468.0,449000.0,882000.0,-433000.0,12568000.0,13828000.0,18000000.0,1260000.0,9542000.0,15400000.0,0.0,92763000.0,66937000.0,25826000.0,60482000.0,24105000.0,0.0,-9526000.0,2867000.0,63254000.0,-9526000.0,39149000.0,29630000.0,7040000.0,4328000.0,11018000.0,-763000.0,-10250000.0,9825000.0,0.0,0.0,-1484000.0,837000.0,3972000.0,-4930000.0,-1418000.0,9534000.0,KO,-1572000.0,-1572000.0,-284532.0,0.0,0.0,2712000.0,0.0,0.0,0.0,0.0,0.0,0.0,0.0,0.0,0.0
2021-12-31,38655000.0,15357000.0,23298000.0,12259000.0,11039000.0,-1321000.0,2707000.0,12425000.0,2621000.0,9771000.0,9771000.0,2.26,2.25,4315000.0,4340000.0,10308000.0,27616000.0,9771000.0,8892843.0,276000.0,1597000.0,-1321000.0,14022000.0,15474000.0,15357000.0,1452000.0,9771000.0,14361000.0,0.0,94354000.0,69494000.0,24860000.0,61115000.0,22999000.0,0.0,-11614000.0,2595000.0,65760000.0,-11614000.0,42761000.0,33077000.0,7040128.92,4325128.92,12625000.0,-2765000.0,-6786000.0,10025000.0,0.0,0.0,-1367000.0,702000.0,13094000.0,-12866000.0,-111000.0,11258000.0,KO,1113000.0,1113000.0,234843.0,0.0,0.0,2715000.0,0.0,0.0,0.0,0.0,0.0,0.0,0.0,0.0,0.0
2020-12-31,33014000.0,13433000.0,19581000.0,9856000.0,9725000.0,-1067000.0,1091000.0,9749000.0,1981000.0,7747000.0,7747000.0,1.8,1.79,4295000.0,4323000.0,8997000.0,23289000.0,7747000.0,7727075.0,370000.0,1437000.0,-1067000.0,11186000.0,12722000.0,13433000.0,1536000.0,7747000.0,12697000.0,0.0,87296000.0,66012000.0,21284000.0,59424000.0,19299000.0,0.0,-9251000.0,4639000.0,62092000.0,-9251000.0,42793000.0,35998000.0,7040128.92,4302128.92,9844000.0,-1477000.0,-8070000.0,7110000.0,0.0,0.0,-1177000.0,647000.0,26934000.0,-28796000.0,-118000.0,8667000.0,KO,25000.0,25000.0,5075.0,0.0,0.0,2738000.0,0.0,0.0,0.0,0.0,0.0,0.0,0.0,0.0,0.0
2019-12-31,0.0,0.0,0.0,0.0,0.0,0.0,0.0,0.0,0.0,0.0,0.0,0.0,0.0,0.0,0.0,0.0,0.0,0.0,0.0,0.0,0.0,0.0,0.0,0.0,0.0,0.0,0.0,0.0,0.0,0.0,0.0,0.0,0.0,0.0,0.0,0.0,0.0,0.0,0.0,0.0,0.0,0.0,0.0,0.0,0.0,0.0,0.0,0.0,0.0,0.0,0.0,0.0,0.0,0.0,0.0,KO,0.0,0.0,0.0,0.0,0.0,0.0,0.0,0.0,0.0,0.0,0.0,0.0,0.0,0.0,0.0
2023-12-29,91471000.0,41881000.0,49590000.0,36677000.0,12913000.0,-819000.0,-677000.0,11417000.0,2262000.0,9074000.0,9074000.0,6.6,6.56,1374000.0,1383000.0,11986000.0,78558000.0,9074000.0,9817454.0,0.0,819000.0,-819000.0,12236000.0,15754000.0,41881000.0,3518000.0,9074000.0,16681000.0,0.0,100495000.0,81858000.0,18637000.0,56098000.0,18503000.0,556000.0,-14154000.0,-4697000.0,62608000.0,-14154000.0,44661000.0,34394000.0,1867000.0,1374000.0,13442000.0,-5495000.0,-3009000.0,9761000.0,2532000.0,1401000.0,-5518000.0,0.0,10910000.0,-6140000.0,-1000000.0,7924000.0,PEP,-927000.0,-927000.0,-183546.0,0.0,0.0,493000.0,0.0,0.0,0.0,0.0,0.0,0.0,0.0,0.0,0.0
2022-12-30,86392000.0,40576000.0,45816000.0,34459000.0,11357000.0,-939000.0,287000.0,10705000.0,1727000.0,8910000.0,8910000.0,6.47,6.42,1377000.0,1387000.0,11512000.0,75035000.0,8910000.0,8779955.0,0.0,939000.0,-939000.0,11644000.0,14924000.0,40576000.0,3280000.0,8910000.0,14769000.0,0.0,92187000.0,74914000.0,17273000.0,52806000.0,17149000.0,483000.0,-16639000.0,-5246000.0,56220000.0,-16639000.0,39554000.0,34117000.0,1867000.0,1377000.0,10811000.0,-2430000.0,-8523000.0,5100000.0,2766000.0,1043000.0,-5207000.0,0.0,5346000.0,-6156000.0,-1500000.0,5604000.0,PEP,155000.0,155000.0,24955.0,0.0,0.0,490000.0,0.0,0.0,0.0,0.0,0.0,0.0,0.0,0.0,0.0
2021-12-31,79474000.0,37075000.0,42399000.0,31237000.0,11162000.0,-1863000.0,522000.0,9821000.0,2142000.0,7618000.0,7618000.0,5.51,5.49,1383000.0,1389000.0,11162000.0,68312000.0,7618000.0,7618000.0,0.0,1863000.0,-1863000.0,11684000.0,14899000.0,37075000.0,3215000.0,7618000.0,14899000.0,0.0,92377000.0,76226000.0,16151000.0,52069000.0,16043000.0,446000.0,-21003000.0,-4437000.0,56377000.0,-21003000.0,40780000.0,34738000.0,1867000.0,1383000.0,11616000.0,-3269000.0,-10780000.0,5707000.0,1933000.0,1184000.0,-4625000.0,0.0,4564000.0,-8696000.0,-106000.0,6991000.0,PEP,0.0,0.0,0.0,0.0,0.0,484000.0,0.0,0.0,0.0,0.0,0.0,0.0,0.0,0.0,0.0
2020-12-31,70372000.0,31797000.0,38575000.0,28453000.0,10122000.0,-1128000.0,75000.0,9069000.0,1894000.0,7120000.0,7120000.0,5.16,5.12,1380000.0,1392000.0,10080000.0,60250000.0,7120000.0,7153222.0,0.0,1128000.0,-1128000.0,10197000.0,13223000.0,31797000.0,3026000.0,7120000.0,13265000.0,0.0,92918000.0,79366000.0,13552000.0,53824000.0,13454000.0,460000.0,-24618000.0,-371000.0,57604000.0,-24618000.0,44610000.0,35965000.0,1867000.0,1380000.0,10613000.0,-11619000.0,3819000.0,8254000.0,1770000.0,1156000.0,-4240000.0,0.0,17886000.0,-6593000.0,-2000000.0,6373000.0,PEP,-42000.0,-42000.0,-8778.0,0.0,0.0,487000.0,0.0,0.0,0.0,0.0,0.0,0.0,0.0,0.0,0.0
2019-12-31,0.0,0.0,0.0,0.0,0.0,0.0,0.0,0.0,0.0,0.0,0.0,0.0,0.0,0.0,0.0,0.0,0.0,0.0,0.0,200000.0,0.0,0.0,0.0,0.0,0.0,0.0,0.0,0.0,0.0,0.0,0.0,0.0,0.0,0.0,0.0,0.0,0.0,0.0,0.0,0.0,0.0,0.0,0.0,0.0,0.0,0.0,0.0,0.0,0.0,0.0,0.0,0.0,0.0,0.0,0.0,PEP,0.0,0.0,0.0,0.0,0.0,0.0,0.0,0.0,0.0,0.0,0.0,0.0,0.0,0.0,0.0
2023-12-29,7140027.0,3345821.0,3794206.0,1840851.0,1953355.0,115127.0,115127.0,2068482.0,437494.0,1630988.0,1630988.0,1.56,1.54,1044887.0,1057981.0,1953355.0,5186672.0,1630988.0,1630988.0,0.0,0.0,115127.0,1953355.0,2022253.0,3345821.0,68898.0,1630988.0,2022253.0,0.0,9686522.0,1457778.0,8228744.0,8228744.0,8228744.0,0.0,5383664.0,4427307.0,8228744.0,5383664.0,0.0,0.0,1122592.0,1041571.0,1717753.0,-193395.0,-542599.0,2297675.0,423224.0,363.0,-234724.0,130267.0,0.0,0.0,-658952.0,1483029.0,MNST,0.0,0.0,0.0,0.0,0.0,81021.0,0.0,0.0,0.0,0.0,0.0,0.0,0.0,0.0,0.0
2022-12-30,6311050.0,3136483.0,3174567.0,1589846.0,1584721.0,-12757.0,-12757.0,1571964.0,380340.0,1191624.0,1191624.0,1.13,1.11,1053558.0,1066442.0,1584721.0,4726329.0,1191624.0,1191624.0,0.0,0.0,-12757.0,1584721.0,1645962.0,3136483.0,61241.0,1191624.0,1645962.0,0.0,8293105.0,1268064.0,7025041.0,7025041.0,7025041.0,0.0,4386690.0,3762919.0,7025041.0,4386690.0,0.0,0.0,1283688.0,1044600.0,887699.0,-161367.0,-706938.0,1307141.0,379998.0,431.0,-212153.0,64015.0,0.0,0.0,-771028.0,675546.0,MNST,0.0,0.0,0.0,0.0,0.0,239088.0,0.0,0.0,0.0,0.0,0.0,0.0,0.0,0.0,0.0
2021-12-31,5541352.0,2432839.0,3108513.0,1311046.0,1797467.0,3952.0,3952.0,1801419.0,423944.0,1377475.0,1377475.0,1.3,1.28,1057526.0,1071278.0,1797467.0,3743885.0,1377475.0,1377475.0,0.0,0.0,3952.0,1797467.0,1847622.0,2432839.0,50155.0,1377475.0,1847622.0,0.0,7804784.0,1237833.0,6566951.0,6566951.0,6566951.0,0.0,4162922.0,3717034.0,6566951.0,4162922.0,0.0,0.0,1280086.0,1058646.0,1155741.0,-992022.0,34821.0,1326462.0,420521.0,134.0,-57453.0,45723.0,0.0,0.0,-13830.0,1098288.0,MNST,0.0,0.0,0.0,0.0,0.0,221440.0,0.0,0.0,0.0,0.0,0.0,0.0,0.0,0.0,0.0
2020-12-31,4598638.0,1874758.0,2723880.0,1090727.0,1633153.0,0.0,-6996.0,1626157.0,216563.0,1409594.0,1409594.0,1.33,1.32,1059278.0,1069614.0,1633153.0,2965485.0,1409594.0,1409594.0,0.0,0.0,0.0,1633153.0,1690183.0,1874758.0,57030.0,1409594.0,1690183.0,0.0,6202716.0,1041856.0,5160860.0,5160860.0,5160860.0,0.0,2770171.0,2390967.0,5160860.0,2770171.0,0.0,0.0,1277324.0,1056194.0,1364163.0,-472487.0,-526068.0,1180413.0,355509.0,44.0,-67272.0,72936.0,0.0,-3086.0,-595918.0,1296891.0,MNST,0.0,0.0,0.0,0.0,0.0,221130.0,0.0,0.0,0.0,0.0,0.0,0.0,0.0,0.0,0.0
2019-12-31,0.0,0.0,0.0,0.0,0.0,0.0,0.0,0.0,0.0,0.0,0.0,0.0,0.0,0.0,0.0,0.0,0.0,0.0,0.0,0.0,0.0,0.0,0.0,0.0,0.0,0.0,0.0,0.0,0.0,0.0,0.0,0.0,0.0,0.0,0.0,0.0,0.0,0.0,0.0,0.0,0.0,0.0,0.0,0.0,0.0,0.0,0.0,0.0,0.0,0.0,0.0,0.0,-13569.0,0.0,0.0,MNST,0.0,0.0,0.0,0.0,0.0,0.0,0.0,0.0,0.0,0.0,0.0,0.0,0.0,0.0,0.0
2024-01-31,648125000.0,490142000.0,157983000.0,130971000.0,27012000.0,-2137000.0,-3027000.0,21848000.0,5578000.0,15511000.0,15511000.0,1.92,1.91,8077000.0,8108000.0,27012000.0,621113000.0,15511000.0,15511000.0,546000.0,2683000.0,-2137000.0,24531000.0,36384000.0,490142000.0,11853000.0,15511000.0,36384000.0,0.0,252399000.0,161828000.0,90571000.0,119993000.0,83861000.0,20864000.0,55748000.0,-15538000.0,124318000.0,55748000.0,61321000.0,30590000.0,8054000.0,8054000.0,35726000.0,-21287000.0,-13414000.0,9935000.0,5879000.0,2519000.0,-20606000.0,0.0,4967000.0,-4217000.0,-2779000.0,15120000.0,WMT,0.0,0.0,0.0,0.0,0.0,0.0,0.0,0.0,0.0,0.0,0.0,0.0,0.0,0.0,0.0
2023-01-31,611289000.0,463721000.0,147568000.0,127140000.0,20428000.0,-1874000.0,-1538000.0,17016000.0,5724000.0,11680000.0,11680000.0,1.43,1.42,8171000.0,8202000.0,20428000.0,590861000.0,11680000.0,11680000.0,254000.0,2128000.0,-1874000.0,19144000.0,30089000.0,463721000.0,10945000.0,11680000.0,30089000.0,0.0,243197000.0,159206000.0,83991000.0,111342000.0,76693000.0,19711000.0,48519000.0,-16543000.0,115905000.0,48519000.0,58923000.0,30587000.0,8100000.0,8100000.0,28841000.0,-17722000.0,-17039000.0,8841000.0,3310000.0,2051000.0,-16857000.0,0.0,5041000.0,-2689000.0,-9920000.0,11984000.0,WMT,0.0,0.0,0.0,0.0,0.0,0.0,0.0,0.0,0.0,0.0,0.0,0.0,0.0,0.0,0.0
2022-01-31,572754000.0,429000000.0,143754000.0,117812000.0,25942000.0,-1836000.0,-5410000.0,18696000.0,4756000.0,13673000.0,13673000.0,1.63,1.62,8376000.0,8415000.0,25942000.0,546812000.0,13673000.0,15470860.0,158000.0,1994000.0,-1836000.0,20690000.0,31348000.0,429000000.0,10658000.0,13673000.0,33758000.0,0.0,244860000.0,152969000.0,91891000.0,118117000.0,83253000.0,19246000.0,54239000.0,-6309000.0,121330000.0,54239000.0,57323000.0,23317000.0,8283000.0,8283000.0,24181000.0,-6015000.0,-22828000.0,14834000.0,5918000.0,2237000.0,-13106000.0,0.0,6945000.0,-13010000.0,-9787000.0,11075000.0,WMT,-2410000.0,-2410000.0,-612140.0,0.0,0.0,0.0,0.0,0.0,0.0,0.0,0.0,0.0,0.0,0.0,0.0
2021-01-29,559151000.0,420315000.0,138836000.0,116288000.0,22548000.0,-2194000.0,210000.0,20564000.0,6858000.0,13510000.0,13510000.0,1.59,1.58,8493000.0,8541000.0,22548000.0,536603000.0,13510000.0,13510000.0,121000.0,2315000.0,-2194000.0,22879000.0,34031000.0,420315000.0,11152000.0,13510000.0,34031000.0,0.0,252496000.0,164965000.0,87531000.0,122119000.0,80925000.0,18713000.0,51942000.0,-2578000.0,125458000.0,51942000.0,63246000.0,26792000.0,8463000.0,8463000.0,36074000.0,-10071000.0,-16117000.0,17788000.0,5271000.0,2216000.0,-10264000.0,0.0,0.0,-5382000.0,-2625000.0,25810000.0,WMT,0.0,0.0,0.0,0.0,0.0,0.0,0.0,0.0,0.0,0.0,0.0,0.0,0.0,0.0,0.0
2020-01-31,0.0,0.0,0.0,0.0,0.0,0.0,0.0,0.0,0.0,0.0,0.0,0.0,0.0,0.0,0.0,0.0,0.0,0.0,0.0,0.0,0.0,0.0,0.0,0.0,0.0,0.0,0.0,0.0,0.0,0.0,0.0,0.0,0.0,0.0,0.0,0.0,0.0,0.0,0.0,0.0,0.0,0.0,0.0,0.0,0.0,0.0,0.0,0.0,0.0,0.0,0.0,0.0,0.0,0.0,0.0,WMT,0.0,0.0,0.0,0.0,0.0,0.0,0.0,0.0,0.0,0.0,0.0,0.0,0.0,0.0,0.0
2023-08-31,242290000.0,212586000.0,29704000.0,21590000.0,8114000.0,344000.0,29000.0,8487000.0,2195000.0,6292000.0,6292000.0,14.18,14.16,443854.0,444452.0,8114000.0,234176000.0,6292000.0,6270511.0,504000.0,160000.0,344000.0,8647000.0,10724000.0,212586000.0,2077000.0,6292000.0,10695000.0,0.0,68994000.0,43936000.0,25058000.0,30435000.0,25058000.0,2426000.0,25058000.0,2296000.0,31516000.0,25058000.0,8884000.0,0.0,442793.0,442793.0,11068000.0,-4972000.0,-2614000.0,13700000.0,2234000.0,125000.0,-4323000.0,0.0,917000.0,-1301000.0,-676000.0,6745000.0,COST,29000.0,29000.0,7511.0,0.0,0.0,0.0,0.0,0.0,0.0,0.0,0.0,0.0,0.0,0.0,0.0
2022-08-31,226954000.0,199382000.0,27572000.0,19779000.0,7793000.0,-59000.0,106000.0,7840000.0,1925000.0,5844000.0,5844000.0,13.17,13.14,443651.0,444757.0,7793000.0,219161000.0,5844000.0,5764076.0,99000.0,158000.0,-59000.0,7998000.0,9898000.0,199382000.0,1900000.0,5844000.0,9792000.0,0.0,64166000.0,43519000.0,20647000.0,27126000.0,20642000.0,2482000.0,20642000.0,698000.0,27199000.0,20642000.0,9039000.0,0.0,442664.0,442664.0,7392000.0,-3915000.0,-4283000.0,10203000.0,1940000.0,145000.0,-3891000.0,0.0,53000.0,-982000.0,-439000.0,3501000.0,COST,106000.0,106000.0,26076.0,0.0,0.0,0.0,0.0,0.0,0.0,0.0,0.0,0.0,0.0,0.0,0.0
2021-08-31,195929000.0,170684000.0,25245000.0,18537000.0,6708000.0,-84000.0,56000.0,6680000.0,1601000.0,5007000.0,5007000.0,11.3,11.27,443089.0,444346.0,6708000.0,189221000.0,5007000.0,4964440.0,87000.0,171000.0,-84000.0,6851000.0,8632000.0,170684000.0,1781000.0,5007000.0,8576000.0,0.0,59268000.0,41190000.0,18078000.0,24256000.0,17564000.0,2642000.0,17564000.0,64000.0,25055000.0,17564000.0,10133000.0,0.0,441825.0,441825.0,8958000.0,-3535000.0,-6488000.0,11258000.0,1527000.0,149000.0,-3588000.0,0.0,41000.0,-161000.0,-496000.0,5370000.0,COST,56000.0,56000.0,13440.0,0.0,0.0,0.0,0.0,0.0,0.0,0.0,0.0,0.0,0.0,0.0,0.0
2020-08-31,166761000.0,144939000.0,21822000.0,16387000.0,5435000.0,-75000.0,7000.0,5367000.0,1308000.0,4002000.0,4002000.0,9.05,9.02,442297.0,443901.0,5435000.0,161326000.0,4002000.0,3996708.0,89000.0,164000.0,-75000.0,5531000.0,7176000.0,144939000.0,1645000.0,4002000.0,7169000.0,0.0,55556000.0,36851000.0,18705000.0,25798000.0,18284000.0,2558000.0,18284000.0,3276000.0,25893000.0,18284000.0,10167000.0,0.0,441255.0,441255.0,8861000.0,-3891000.0,-1147000.0,12277000.0,1052000.0,124000.0,-2810000.0,0.0,3992000.0,-3200000.0,-196000.0,6051000.0,COST,7000.0,7000.0,1708.0,0.0,0.0,0.0,0.0,0.0,0.0,0.0,0.0,0.0,0.0,0.0,0.0
2019-08-30,0.0,0.0,0.0,0.0,0.0,0.0,0.0,0.0,0.0,0.0,0.0,0.0,0.0,0.0,0.0,0.0,0.0,0.0,0.0,0.0,0.0,0.0,0.0,0.0,0.0,0.0,0.0,0.0,0.0,0.0,0.0,0.0,0.0,0.0,0.0,0.0,0.0,0.0,0.0,0.0,0.0,0.0,0.0,0.0,0.0,0.0,0.0,0.0,0.0,0.0,0.0,0.0,0.0,0.0,0.0,COST,0.0,0.0,0.0,0.0,0.0,0.0,0.0,0.0,0.0,0.0,0.0,0.0,0.0,0.0,0.0
2024-01-31,107412000.0,77736000.0,29676000.0,23969000.0,5707000.0,-502000.0,92000.0,5297000.0,1159000.0,4138000.0,4138000.0,8.96,8.94,461500.0,462800.0,5707000.0,101705000.0,4138000.0,4138000.0,0.0,502000.0,-502000.0,5799000.0,8600000.0,77350000.0,2801000.0,4138000.0,8600000.0,0.0,55356000.0,41924000.0,13432000.0,28354000.0,13432000.0,3608000.0,12793000.0,-1806000.0,29470000.0,12793000.0,19646000.0,12233000.0,461675.44,461675.44,8621000.0,-4760000.0,-2285000.0,3805000.0,374000.0,605000.0,-4806000.0,0.0,0.0,-147000.0,0.0,3815000.0,TGT,0.0,0.0,0.0,0.0,0.0,0.0,0.0,0.0,0.0,0.0,0.0,0.0,0.0,0.0,0.0
2023-01-31,109120000.0,82229000.0,26891000.0,23043000.0,3848000.0,-478000.0,48000.0,3418000.0,638000.0,2780000.0,2780000.0,6.02,5.98,462100.0,464700.0,3848000.0,105272000.0,2780000.0,2780000.0,0.0,478000.0,-478000.0,3896000.0,6596000.0,81914000.0,2700000.0,2780000.0,6596000.0,0.0,53335000.0,42103000.0,11232000.0,27241000.0,11232000.0,2934000.0,10587000.0,-1654000.0,27371000.0,10587000.0,19073000.0,13910000.0,460346.95,460346.95,4018000.0,-5504000.0,-2196000.0,2229000.0,213000.0,449000.0,-5528000.0,0.0,2625000.0,-163000.0,-2646000.0,-1510000.0,TGT,0.0,0.0,0.0,0.0,0.0,0.0,0.0,0.0,0.0,0.0,0.0,0.0,0.0,0.0,0.0
2022-01-31,106005000.0,74963000.0,31042000.0,22096000.0,8946000.0,-421000.0,382000.0,8907000.0,1961000.0,6946000.0,6946000.0,14.23,14.1,488100.0,492700.0,8946000.0,97059000.0,6946000.0,6946000.0,0.0,421000.0,-421000.0,9328000.0,11970000.0,74665000.0,2642000.0,6946000.0,11970000.0,0.0,53811000.0,40984000.0,12827000.0,26376000.0,12827000.0,2747000.0,12171000.0,-174000.0,26547000.0,12171000.0,16467000.0,7809000.0,471274.07,471274.07,8625000.0,-3154000.0,-8071000.0,5911000.0,2063000.0,414000.0,-3544000.0,0.0,1972000.0,-1147000.0,-7188000.0,5081000.0,TGT,0.0,0.0,0.0,0.0,0.0,0.0,0.0,0.0,0.0,0.0,0.0,0.0,0.0,0.0,0.0
2021-01-29,93561000.0,66177000.0,27384000.0,20845000.0,6539000.0,-977000.0,-16000.0,5546000.0,1178000.0,4368000.0,4368000.0,8.72,8.64,500600.0,505400.0,6539000.0,87022000.0,4368000.0,4368000.0,0.0,977000.0,-977000.0,6523000.0,9008000.0,65922000.0,2485000.0,4368000.0,9008000.0,0.0,51248000.0,36808000.0,14440000.0,25976000.0,14440000.0,2429000.0,13772000.0,631000.0,27120000.0,13772000.0,15109000.0,4169000.0,500877.13,500877.13,10525000.0,-2591000.0,-2000000.0,8511000.0,1031000.0,939000.0,-2649000.0,0.0,2480000.0,-2415000.0,-745000.0,7876000.0,TGT,0.0,0.0,0.0,0.0,0.0,0.0,0.0,0.0,0.0,0.0,0.0,0.0,0.0,0.0,0.0
2020-01-31,0.0,0.0,0.0,0.0,0.0,0.0,0.0,0.0,0.0,0.0,0.0,0.0,0.0,0.0,0.0,0.0,0.0,0.0,0.0,0.0,0.0,0.0,0.0,0.0,0.0,0.0,0.0,0.0,0.0,0.0,0.0,0.0,0.0,0.0,0.0,0.0,0.0,0.0,0.0,0.0,0.0,0.0,0.0,0.0,0.0,0.0,0.0,0.0,0.0,0.0,0.0,0.0,0.0,0.0,0.0,TGT,0.0,0.0,0.0,0.0,0.0,0.0,0.0,0.0,0.0,0.0,0.0,0.0,0.0,0.0,0.0
2023-12-29,6837384.0,4315543.0,2521841.0,2132330.0,389511.0,-6491.0,-39280.0,343740.0,84884.0,258856.0,258856.0,2.53,2.5,102479.0,103390.0,350231.0,6447873.0,258856.0,288433.84,6912.0,12631.0,-6491.0,356371.0,621390.0,4182417.0,265019.0,258856.0,660670.0,0.0,3327428.0,2178881.0,1148547.0,1273547.0,1148547.0,1535664.0,558746.0,56903.0,1273547.0,558746.0,1660664.0,0.0,101211.98,101211.98,465068.0,-238342.0,-318048.0,203870.0,96633.0,12561.0,-225310.0,0.0,0.0,-126006.0,-203496.0,239758.0,SFM,-39280.0,-39280.0,-9702.16,0.0,0.0,0.0,0.0,0.0,0.0,0.0,0.0,0.0,0.0,0.0,0.0
2022-12-30,6404223.0,4055659.0,2348564.0,1979179.0,369385.0,-9047.0,-11025.0,349313.0,88149.0,261164.0,261164.0,2.41,2.39,108232.0,109139.0,358360.0,6034838.0,261164.0,269410.7,535.0,8782.0,-9047.0,358095.0,602477.0,3934807.0,244382.0,261164.0,613502.0,0.0,3070380.0,2023918.0,1046462.0,1296462.0,1046462.0,1290671.0,492624.0,151424.0,1296462.0,492624.0,1540671.0,0.0,105072.76,105072.76,371329.0,-124010.0,-199131.0,295192.0,93419.0,11132.0,-124010.0,0.0,62500.0,-63319.0,-199980.0,247319.0,SFM,-11025.0,-11025.0,-2778.3,0.0,0.0,0.0,0.0,0.0,0.0,0.0,0.0,0.0,0.0,0.0,0.0
2021-12-31,6099869.0,3890657.0,2209212.0,1870463.0,338749.0,-11684.0,-4673.0,322392.0,78235.0,244157.0,244157.0,2.12,2.1,115377.0,116077.0,334076.0,5761120.0,244157.0,247694.46,0.0,11684.0,-11684.0,334076.0,568134.0,3778857.0,234058.0,244157.0,572807.0,0.0,2923115.0,1963239.0,959876.0,1209876.0,959876.0,1258398.0,406038.0,54243.0,1209876.0,406038.0,1508398.0,4713.0,111114.37,111114.37,364799.0,-102378.0,-186858.0,247004.0,82888.0,11431.0,-102378.0,0.0,0.0,-685.0,-188343.0,262421.0,SFM,-4673.0,-4673.0,-1135.54,0.0,0.0,0.0,0.0,0.0,0.0,0.0,0.0,0.0,0.0,0.0,0.0
2020-12-31,6468759.0,4089470.0,2379289.0,1987993.0,391296.0,-14787.0,369.0,376878.0,89428.0,287450.0,287450.0,2.44,2.43,117821.0,118224.0,391665.0,6077463.0,287450.0,287168.45,0.0,14787.0,-14787.0,391665.0,617448.0,3987811.0,225783.0,287450.0,617079.0,0.0,2806404.0,1925111.0,881293.0,1131293.0,881293.0,1216692.0,327455.0,-30172.0,1131293.0,327455.0,1466692.0,80303.0,117953.44,117953.44,494035.0,-121968.0,-287411.0,171441.0,94767.0,14786.0,-121968.0,0.0,0.0,-288754.0,0.0,372067.0,SFM,369.0,369.0,87.45,0.0,0.0,0.0,0.0,0.0,0.0,0.0,0.0,0.0,0.0,0.0,0.0
2019-12-31,0.0,0.0,0.0,0.0,0.0,0.0,0.0,0.0,0.0,0.0,0.0,0.0,0.0,0.0,0.0,0.0,0.0,0.0,0.0,0.0,0.0,0.0,0.0,0.0,0.0,0.0,0.0,0.0,0.0,0.0,0.0,0.0,0.0,0.0,0.0,0.0,0.0,0.0,0.0,0.0,452686.0,0.0,0.0,0.0,0.0,0.0,0.0,0.0,0.0,0.0,0.0,0.0,0.0,0.0,0.0,SFM,0.0,0.0,0.0,0.0,0.0,0.0,0.0,0.0,0.0,0.0,0.0,0.0,0.0,0.0,0.0
2024-01-31,150039000.0,116675000.0,33364000.0,30238000.0,3126000.0,-441000.0,151000.0,2836000.0,667000.0,2146000.0,2146000.0,2.99,2.96,718000.0,725000.0,3096000.0,146913000.0,2164000.0,2048485.0,0.0,441000.0,-441000.0,3277000.0,7027000.0,116050000.0,3750000.0,2164000.0,6876000.0,0.0,50505000.0,38904000.0,11601000.0,21777000.0,11615000.0,9060000.0,7800000.0,-3110000.0,21802000.0,7800000.0,19247000.0,8304000.0,1918000.0,720000.0,6788000.0,-3750000.0,-2170000.0,1883000.0,751000.0,488000.0,-3904000.0,50000.0,15000.0,-1301000.0,-62000.0,2884000.0,KR,151000.0,151000.0,35485.0,0.0,0.0,1198000.0,891000.0,0.0,0.0,0.0,0.0,0.0,0.0,0.0,0.0
2023-01-31,148258000.0,116480000.0,31778000.0,27613000.0,4165000.0,-535000.0,-728000.0,2902000.0,653000.0,2224000.0,2224000.0,3.1,3.06,718000.0,727000.0,4126000.0,144093000.0,2244000.0,2808200.0,0.0,535000.0,-535000.0,3437000.0,7016000.0,115866000.0,3579000.0,2244000.0,7744000.0,0.0,49623000.0,39609000.0,10014000.0,20181000.0,10042000.0,9120000.0,6227000.0,-4568000.0,21334000.0,6227000.0,20412000.0,10277000.0,1918000.0,716000.0,4498000.0,-3015000.0,-2289000.0,1015000.0,698000.0,545000.0,-3078000.0,134000.0,0.0,-552000.0,-993000.0,1420000.0,KR,-728000.0,-728000.0,-163800.0,0.0,0.0,1202000.0,839000.0,0.0,0.0,0.0,0.0,0.0,0.0,0.0,0.0
2022-01-31,137888000.0,107539000.0,30349000.0,26906000.0,3443000.0,-571000.0,-821000.0,2051000.0,385000.0,1639000.0,1639000.0,2.2,2.17,744000.0,754000.0,3477000.0,134445000.0,1655000.0,2321652.0,0.0,571000.0,-571000.0,2622000.0,6051000.0,106934000.0,3429000.0,1655000.0,6872000.0,0.0,49086000.0,39657000.0,9429000.0,20746000.0,9452000.0,8695000.0,5434000.0,-4149000.0,21197000.0,5434000.0,20440000.0,9924000.0,1918000.0,727000.0,6190000.0,-2611000.0,-3445000.0,1821000.0,513000.0,607000.0,-2614000.0,172000.0,56000.0,-1442000.0,-1647000.0,3576000.0,KR,-821000.0,-821000.0,-154348.0,0.0,0.0,1191000.0,845000.0,0.0,0.0,0.0,0.0,0.0,0.0,0.0,0.0
2021-01-29,132498000.0,101597000.0,30901000.0,28092000.0,2809000.0,-544000.0,1105000.0,3370000.0,782000.0,2585000.0,2585000.0,3.31,3.27,773000.0,781000.0,2780000.0,129689000.0,2585000.0,1736412.46,0.0,544000.0,-544000.0,3914000.0,7287000.0,100971000.0,3373000.0,2585000.0,6182000.0,0.0,48662000.0,39112000.0,9550000.0,21142000.0,9576000.0,8177000.0,5503000.0,-2863000.0,21986000.0,5503000.0,20587000.0,10723000.0,1918000.0,758000.0,6815000.0,-2814000.0,-2713000.0,1687000.0,659000.0,564000.0,-2865000.0,127000.0,1049000.0,-747000.0,-1324000.0,3950000.0,KR,1105000.0,1105000.0,256412.46,0.0,0.0,1160000.0,874000.0,0.0,0.0,0.0,0.0,0.0,0.0,0.0,0.0
2020-01-31,0.0,0.0,0.0,0.0,0.0,0.0,0.0,0.0,0.0,0.0,0.0,0.0,0.0,0.0,0.0,0.0,0.0,0.0,0.0,0.0,0.0,0.0,0.0,0.0,0.0,0.0,0.0,0.0,0.0,0.0,0.0,0.0,0.0,0.0,0.0,0.0,0.0,0.0,0.0,0.0,0.0,0.0,0.0,0.0,0.0,0.0,0.0,0.0,0.0,0.0,0.0,0.0,0.0,0.0,0.0,KR,0.0,0.0,0.0,0.0,0.0,0.0,0.0,0.0,0.0,0.0,0.0,0.0,0.0,0.0,0.0
2023-12-29,1686104.0,443243.0,1242861.0,1229716.0,13145.0,-50341.0,-3798.0,-40994.0,-4347.0,-37925.0,-37953.0,-0.23,-0.23,168289.0,168289.0,13145.0,1672959.0,-37925.0,-37925.0,0.0,50341.0,-50341.0,9347.0,135241.0,443243.0,125894.0,-37925.0,135241.0,0.0,3240592.0,1976809.0,1263783.0,2006298.0,1169683.0,504948.0,-878605.0,-352012.0,2060929.0,-878605.0,1396194.0,853061.0,168628.0,168628.0,45544.0,-112588.0,71862.0,38614.0,0.0,0.0,-121427.0,764.0,1175698.0,-1084390.0,-1880.0,-75883.0,DNUT,0.0,0.0,0.0,0.0,-28.0,0.0,0.0,0.0,0.0,0.0,0.0,0.0,0.0,0.0,0.0
2022-12-30,1529898.0,406227.0,1123671.0,1094696.0,28975.0,-34102.0,-3036.0,-8163.0,612.0,-15996.0,-16139.0,-0.1,-0.1,167471.0,167471.0,28975.0,1500923.0,-15622.0,-15622.0,0.0,34102.0,-34102.0,25939.0,136200.0,406227.0,110261.0,-15622.0,136200.0,0.0,3148537.0,1849662.0,1298875.0,1935384.0,1196332.0,455919.0,-857664.0,-338195.0,1975418.0,-857664.0,1235005.0,743715.0,168137.0,168137.0,139818.0,-121474.0,-16838.0,35730.0,0.0,0.0,-111717.0,0.0,149000.0,-101181.0,-4307.0,28101.0,DNUT,0.0,0.0,0.0,0.0,-143.0,0.0,0.0,0.0,0.0,0.0,0.0,0.0,0.0,0.0,0.0
2021-12-31,1384391.0,354093.0,1030298.0,989196.0,41102.0,-43009.0,-2191.0,-4098.0,10745.0,-25974.0,-26096.0,-0.18,-0.18,147654.55,147654.55,41102.0,1343289.0,-24506.0,-24506.0,0.0,43009.0,-43009.0,38911.0,140519.0,354093.0,101608.0,-24506.0,140519.0,0.0,3145254.0,1809599.0,1335655.0,1911896.0,1231589.0,465567.0,-866253.0,-369260.0,1948479.0,-866253.0,1182457.0,678328.0,167250.86,167250.86,141224.0,-153407.0,16096.0,39192.0,0.0,0.0,-119497.0,647861.0,695000.0,-1147049.0,-139103.0,21727.0,DNUT,0.0,0.0,0.0,0.0,-122.0,0.0,0.0,0.0,0.0,0.0,0.0,0.0,0.0,0.0,0.0
2020-12-31,1122036.0,310909.0,811127.0,806847.0,4280.0,-57209.0,1101.0,-51828.0,9112.0,-64778.0,-64788.0,-0.41,-0.41,159726.83,159726.83,4280.0,1117756.0,-64301.0,-64301.0,0.0,57209.0,-57209.0,5381.0,85779.0,310909.0,80398.0,-64301.0,85779.0,0.0,3060995.0,2212636.0,848359.0,1815075.0,684684.0,421774.0,-1399876.0,-333742.0,1856320.0,-1399876.0,1593410.0,1134176.0,160890.35,160890.35,28675.0,-168128.0,139441.0,37483.0,0.0,0.0,-97826.0,0.0,288097.0,-225541.0,0.0,-69151.0,DNUT,0.0,0.0,0.0,0.0,-10.0,0.0,0.0,0.0,0.0,0.0,0.0,0.0,0.0,0.0,0.0
2019-12-31,0.0,0.0,0.0,0.0,0.0,0.0,0.0,0.0,0.0,0.0,0.0,0.0,0.0,0.0,0.0,0.0,0.0,0.0,0.0,0.0,0.0,0.0,0.0,0.0,0.0,0.0,0.0,0.0,0.0,0.0,0.0,0.0,0.0,0.0,0.0,0.0,0.0,0.0,0.0,0.0,0.0,0.0,0.0,0.0,0.0,0.0,0.0,0.0,0.0,0.0,0.0,0.0,0.0,0.0,0.0,DNUT,0.0,0.0,0.0,0.0,0.0,0.0,0.0,0.0,0.0,0.0,0.0,0.0,0.0,0.0,0.0
2023-12-29,33723297.0,19715368.0,14007929.0,7053926.0,6954003.0,-748598.0,0.0,6205405.0,797415.0,5407990.0,5407990.0,12.25,12.03,441571.0,449498.0,6954003.0,26769294.0,5407990.0,5407990.0,0.0,748598.0,-748598.0,6954003.0,21508387.0,19715368.0,14554384.0,5407990.0,21508387.0,0.0,48731992.0,28143679.0,20588313.0,34731730.0,20588313.0,0.0,-11069743.0,1057478.0,35131574.0,-11069743.0,14543261.0,7426348.0,448837.85,432759.58,7274301.0,541751.0,-5950803.0,7118515.0,1154973.0,684504.0,-348552.0,169990.0,0.0,0.0,-6045347.0,6925749.0,NFLX,0.0,0.0,0.0,0.0,0.0,16078.27,0.0,0.0,0.0,0.0,0.0,0.0,0.0,0.0,0.0
2022-12-30,31615550.0,19168285.0,12447265.0,6814434.0,5632831.0,-368902.0,0.0,5263929.0,772005.0,4491924.0,4491924.0,10.1,9.95,444698.0,451290.0,5632831.0,25982719.0,4491924.0,4491924.0,337310.0,706212.0,-368902.0,5970141.0,20332955.0,19168285.0,14362814.0,4491924.0,20332955.0,0.0,48594768.0,27817367.0,20777401.0,35130477.0,20777401.0,0.0,-11959312.0,1335499.0,35130477.0,-11959312.0,14353076.0,9205900.0,446911.25,445346.78,2026257.0,-2076392.0,-664254.0,5170582.0,811720.0,701693.0,-407729.0,35746.0,0.0,-700000.0,0.0,1618528.0,NFLX,0.0,0.0,0.0,0.0,0.0,1564.48,0.0,0.0,0.0,0.0,0.0,0.0,0.0,0.0,0.0
2021-12-31,29697844.0,17332683.0,12365161.0,6170652.0,6194509.0,-354406.0,0.0,5840103.0,723875.0,5116228.0,5116228.0,11.55,11.24,443155.0,455372.0,6194509.0,23503335.0,5116228.0,5116228.0,411214.0,765620.0,-354406.0,6605723.0,19044502.0,17332683.0,12438779.0,5116228.0,19044502.0,0.0,44584663.0,28735415.0,15849248.0,30542320.0,15849248.0,0.0,-15070291.0,-419141.0,31242143.0,-15070291.0,15392895.0,9365091.0,445527.59,443963.11,392610.0,-1339853.0,-1149776.0,6055111.0,509265.0,763432.0,-524585.0,174414.0,0.0,-500000.0,-600022.0,-131975.0,NFLX,0.0,0.0,0.0,0.0,0.0,1564.48,0.0,0.0,0.0,0.0,0.0,0.0,0.0,0.0,0.0
2020-12-31,24996056.0,15276319.0,9719737.0,5134448.0,4585289.0,-1385940.0,0.0,3199349.0,437954.0,2761395.0,2761395.0,6.26,6.08,440922.0,454208.0,4585289.0,20410767.0,2761395.0,2761395.0,0.0,1385940.0,-1385940.0,4585289.0,15507911.0,15276319.0,10922622.0,2761395.0,15507911.0,0.0,39280359.0,28215119.0,11065240.0,26874335.0,11065240.0,0.0,-14318710.0,1955795.0,27374213.0,-14318710.0,16308973.0,8103423.0,442895.26,442895.26,2427077.0,-505354.0,1237311.0,8238870.0,291582.0,762904.0,-497923.0,235406.0,1009464.0,0.0,0.0,1929154.0,NFLX,0.0,0.0,0.0,0.0,0.0,0.0,0.0,0.0,0.0,0.0,0.0,0.0,0.0,0.0,0.0
2019-12-31,0.0,0.0,0.0,0.0,0.0,0.0,0.0,0.0,0.0,0.0,0.0,0.0,0.0,0.0,0.0,0.0,0.0,0.0,0.0,84000.0,0.0,0.0,0.0,0.0,0.0,0.0,0.0,0.0,0.0,0.0,0.0,0.0,0.0,0.0,0.0,0.0,0.0,0.0,0.0,0.0,0.0,0.0,0.0,0.0,0.0,0.0,0.0,0.0,0.0,0.0,0.0,4469306.0,0.0,0.0,0.0,NFLX,0.0,0.0,0.0,0.0,0.0,0.0,0.0,0.0,0.0,0.0,0.0,0.0,0.0,0.0,0.0
2023-09-29,88898000.0,59201000.0,29697000.0,20705000.0,8992000.0,-1209000.0,-3014000.0,4769000.0,1379000.0,2354000.0,2354000.0,1.29,1.29,1828000.0,1830000.0,0.0,79906000.0,2354000.0,5001053.0,764000.0,1973000.0,-1209000.0,6742000.0,12111000.0,59201000.0,5369000.0,2354000.0,15834000.0,0.0,205579000.0,92567000.0,113012000.0,141378000.0,99277000.0,3464000.0,9149000.0,1624000.0,145708000.0,9149000.0,49895000.0,32249000.0,1849000.0,1830000.0,9866000.0,-4641000.0,-2724000.0,14235000.0,1193000.0,2110000.0,-4969000.0,0.0,83000.0,-1675000.0,0.0,4897000.0,DIS,-3723000.0,-3723000.0,-1075947.0,0.0,0.0,19000.0,0.0,0.0,0.0,0.0,0.0,0.0,0.0,0.0,0.0
2022-09-30,82722000.0,54401000.0,28321000.0,21551000.0,6770000.0,-1397000.0,-88000.0,5285000.0,1732000.0,3145000.0,3145000.0,1.73,1.72,1822000.0,1827000.0,0.0,75952000.0,3145000.0,3797800.0,152000.0,1549000.0,-1397000.0,6834000.0,11997000.0,54401000.0,5163000.0,3193000.0,12897000.0,0.0,203631000.0,95253000.0,108378000.0,140307000.0,95008000.0,3239000.0,2274000.0,25000.0,143377000.0,2274000.0,51608000.0,36754000.0,1800000.0,1781000.0,6010000.0,-5008000.0,-4741000.0,11661000.0,1097000.0,1685000.0,-4943000.0,0.0,333000.0,-4016000.0,0.0,1067000.0,DIS,-900000.0,-900000.0,-295200.0,0.0,0.0,19000.0,0.0,0.0,0.0,0.0,0.0,0.0,0.0,0.0,0.0
2021-09-30,67418000.0,45131000.0,22287000.0,18628000.0,3659000.0,-1406000.0,308000.0,2561000.0,25000.0,1995000.0,1995000.0,1.1,1.09,1816000.0,1828000.0,0.0,63759000.0,1995000.0,2671460.0,140000.0,1406000.0,-1406000.0,3967000.0,9078000.0,45131000.0,5111000.0,2024000.0,9732000.0,0.0,203609000.0,101385000.0,102224000.0,137093000.0,88553000.0,3229000.0,-6633000.0,2580000.0,142959000.0,-6633000.0,57635000.0,38447000.0,1837000.0,1818000.0,5567000.0,-3163000.0,-4385000.0,16003000.0,1638000.0,1892000.0,-3578000.0,0.0,64000.0,-3737000.0,0.0,1989000.0,DIS,-654000.0,-654000.0,-6540.0,0.0,0.0,19000.0,0.0,0.0,0.0,0.0,0.0,0.0,0.0,0.0,0.0
2020-09-30,65388000.0,43880000.0,21508000.0,17714000.0,3794000.0,-1491000.0,-4046000.0,-1743000.0,699000.0,-2864000.0,-2864000.0,-1.58,-1.58,1808000.0,1808000.0,0.0,61594000.0,-2864000.0,1354550.0,156000.0,1491000.0,-1491000.0,-252000.0,5093000.0,43880000.0,5345000.0,-2832000.0,10828000.0,0.0,201549000.0,104037000.0,97512000.0,136500000.0,83583000.0,2911000.0,-13279000.0,8623000.0,142211000.0,-13279000.0,61539000.0,40714000.0,1826063.37,1807063.37,7618000.0,-3637000.0,8480000.0,17954000.0,738000.0,1559000.0,-4022000.0,0.0,18120000.0,-3533000.0,0.0,3596000.0,DIS,-5735000.0,-5735000.0,-1548450.0,0.0,0.0,19000.0,0.0,0.0,0.0,0.0,0.0,0.0,0.0,0.0,2000.0
2019-09-30,0.0,0.0,0.0,0.0,0.0,0.0,0.0,0.0,0.0,0.0,0.0,0.0,0.0,0.0,0.0,0.0,0.0,0.0,0.0,0.0,0.0,0.0,0.0,0.0,0.0,0.0,0.0,0.0,0.0,0.0,0.0,0.0,0.0,0.0,0.0,0.0,0.0,0.0,0.0,0.0,0.0,0.0,0.0,0.0,0.0,0.0,0.0,0.0,0.0,0.0,0.0,0.0,0.0,0.0,0.0,DIS,0.0,0.0,0.0,0.0,0.0,0.0,0.0,0.0,0.0,0.0,0.0,0.0,0.0,0.0,622000.0
2023-12-29,134902000.0,25959000.0,108943000.0,62192000.0,46751000.0,1043000.0,-366000.0,47428000.0,8330000.0,39098000.0,39098000.0,15.19,14.87,2574000.0,2629000.0,46751000.0,88151000.0,39098000.0,39399584.0,1639000.0,446000.0,1043000.0,47874000.0,59052000.0,25959000.0,11178000.0,39098000.0,59418000.0,0.0,229623000.0,76455000.0,153168000.0,171553000.0,153168000.0,18849000.0,131726000.0,53405000.0,171553000.0,131726000.0,37234000.0,0.0,2561000.0,2561000.0,71113000.0,-24495000.0,-19500000.0,42827000.0,6607000.0,448000.0,-27266000.0,0.0,8455000.0,-1058000.0,-19774000.0,43847000.0,META,-366000.0,-366000.0,-64416.0,0.0,0.0,0.0,0.0,0.0,0.0,0.0,0.0,0.0,0.0,0.0,0.0
2022-12-30,116609000.0,25249000.0,91360000.0,62416000.0,28944000.0,-44000.0,-81000.0,28819000.0,5619000.0,23200000.0,23200000.0,8.63,8.59,2687000.0,2702000.0,28944000.0,87665000.0,23200000.0,23265205.0,461000.0,185000.0,-44000.0,29004000.0,37690000.0,25249000.0,8686000.0,23200000.0,37771000.0,0.0,185727000.0,60014000.0,125713000.0,135636000.0,125713000.0,16668000.0,104510000.0,32523000.0,135636000.0,104510000.0,26591000.0,0.0,2614000.0,2614000.0,50475000.0,-28970000.0,-22136000.0,15596000.0,6407000.0,0.0,-31431000.0,0.0,9921000.0,-850000.0,-27956000.0,19044000.0,META,-81000.0,-81000.0,-15795.0,0.0,0.0,0.0,0.0,0.0,0.0,0.0,0.0,0.0,0.0,0.0,0.0
2021-12-31,117929000.0,22649000.0,95280000.0,48527000.0,46753000.0,671000.0,-140000.0,47284000.0,7914000.0,39370000.0,39370000.0,13.99,13.77,2815000.0,2859000.0,46753000.0,71176000.0,39370000.0,39486620.0,484000.0,23000.0,671000.0,47307000.0,55274000.0,22649000.0,7967000.0,39370000.0,55414000.0,0.0,165987000.0,41108000.0,124879000.0,124879000.0,124879000.0,13873000.0,105048000.0,45531000.0,124879000.0,105048000.0,13873000.0,0.0,2741000.0,2741000.0,57683000.0,-7570000.0,-50728000.0,16865000.0,8525000.0,0.0,-18690000.0,0.0,0.0,-677000.0,-44537000.0,38993000.0,META,-140000.0,-140000.0,-23380.0,0.0,0.0,0.0,0.0,0.0,0.0,0.0,0.0,0.0,0.0,0.0,0.0
2020-12-31,85965000.0,16692000.0,69273000.0,36602000.0,32671000.0,638000.0,-129000.0,33180000.0,4034000.0,29146000.0,29146000.0,10.22,10.09,2851000.0,2888000.0,32671000.0,53294000.0,29146000.0,29259262.0,672000.0,0.0,638000.0,32671000.0,39533000.0,16692000.0,6862000.0,29146000.0,39662000.0,0.0,159316000.0,31026000.0,128290000.0,128290000.0,128290000.0,10654000.0,108617000.0,60689000.0,128290000.0,108617000.0,10654000.0,0.0,2849000.0,2849000.0,38747000.0,-30059000.0,-10292000.0,17954000.0,4229000.0,0.0,-15163000.0,0.0,0.0,-604000.0,-6272000.0,23584000.0,META,-129000.0,-129000.0,-15738.0,0.0,0.0,0.0,0.0,0.0,0.0,0.0,0.0,0.0,0.0,0.0,0.0
2019-12-31,0.0,0.0,0.0,0.0,0.0,0.0,0.0,0.0,0.0,0.0,0.0,0.0,0.0,0.0,0.0,0.0,0.0,0.0,0.0,0.0,20000.0,0.0,0.0,0.0,0.0,0.0,0.0,0.0,0.0,0.0,0.0,0.0,0.0,0.0,0.0,0.0,0.0,0.0,0.0,0.0,0.0,0.0,0.0,0.0,0.0,0.0,0.0,0.0,0.0,0.0,0.0,0.0,0.0,0.0,0.0,META,0.0,0.0,0.0,0.0,0.0,0.0,0.0,0.0,0.0,0.0,0.0,0.0,0.0,0.0,0.0
2023-12-29,307394000.0,133332000.0,174062000.0,89769000.0,84293000.0,3557000.0,-2133000.0,85717000.0,11922000.0,73795000.0,73795000.0,5.84,5.8,12630000.0,12722000.0,84293000.0,223101000.0,73795000.0,75569521.0,3865000.0,308000.0,3557000.0,86025000.0,97971000.0,133332000.0,11946000.0,73795000.0,100032000.0,0.0,402392000.0,119013000.0,283379000.0,295249000.0,283379000.0,16634000.0,254181000.0,89716000.0,295249000.0,254181000.0,28504000.0,0.0,12460000.0,12460000.0,101746000.0,-27063000.0,-72093000.0,24048000.0,19164000.0,0.0,-32251000.0,0.0,10790000.0,-11550000.0,-61504000.0,69495000.0,GOOGL,-2061000.0,-2061000.0,-286479.0,0.0,0.0,0.0,0.0,0.0,0.0,0.0,0.0,0.0,0.0,0.0,0.0
2022-12-30,282836000.0,126203000.0,156633000.0,81791000.0,74842000.0,1817000.0,-5331000.0,71328000.0,11356000.0,59972000.0,59972000.0,4.59,4.56,13063000.0,13159000.0,74842000.0,207994000.0,59972000.0,65163493.0,2174000.0,357000.0,1817000.0,71685000.0,85160000.0,126203000.0,13475000.0,59972000.0,91333000.0,0.0,365264000.0,109120000.0,256144000.0,269001000.0,256144000.0,16822000.0,227184000.0,95495000.0,269001000.0,227184000.0,29679000.0,0.0,12849000.0,12849000.0,91495000.0,-20298000.0,-69757000.0,21879000.0,18892000.0,0.0,-31485000.0,0.0,52872000.0,-54068000.0,-59296000.0,60010000.0,GOOGL,-6173000.0,-6173000.0,-981507.0,0.0,0.0,0.0,0.0,0.0,0.0,0.0,0.0,0.0,0.0,0.0,0.0
2021-12-31,257637000.0,110939000.0,146698000.0,67984000.0,78714000.0,1153000.0,10867000.0,90734000.0,14701000.0,76033000.0,76033000.0,5.69,5.61,13352993.99,13553473.9,78714000.0,178923000.0,76033000.0,65951860.0,1499000.0,346000.0,1153000.0,91080000.0,103521000.0,110939000.0,12441000.0,76033000.0,91491000.0,0.0,359268000.0,107633000.0,251635000.0,264479000.0,251635000.0,15551000.0,227262000.0,123889000.0,264479000.0,227262000.0,28395000.0,0.0,13242420.0,13242420.0,91652000.0,-35523000.0,-61362000.0,20945000.0,13412000.0,0.0,-24640000.0,0.0,20199000.0,-21435000.0,-50274000.0,67012000.0,GOOGL,12030000.0,12030000.0,1948860.0,0.0,0.0,0.0,0.0,0.0,0.0,0.0,0.0,0.0,0.0,0.0,0.0
2020-12-31,182527000.0,84732000.0,97795000.0,56571000.0,41224000.0,1730000.0,5128000.0,48082000.0,7813000.0,40269000.0,40269000.0,2.96,2.93,13616313.87,13740553.82,41224000.0,141303000.0,40269000.0,35266572.13,1865000.0,135000.0,1730000.0,48217000.0,61914000.0,84732000.0,13697000.0,40269000.0,55941000.0,0.0,319616000.0,97072000.0,222544000.0,235376000.0,222544000.0,13940000.0,199924000.0,117462000.0,235376000.0,199924000.0,26772000.0,0.0,13504440.0,13504440.0,65124000.0,-32773000.0,-24408000.0,26465000.0,4990000.0,0.0,-22281000.0,0.0,11761000.0,-2100000.0,-31149000.0,42843000.0,GOOGL,5973000.0,5973000.0,970572.13,0.0,0.0,0.0,0.0,0.0,0.0,0.0,0.0,0.0,0.0,0.0,0.0
2019-12-31,0.0,0.0,0.0,0.0,0.0,0.0,0.0,0.0,0.0,0.0,0.0,0.0,0.0,0.0,0.0,0.0,0.0,0.0,0.0,0.0,0.0,0.0,0.0,0.0,0.0,0.0,0.0,0.0,0.0,0.0,0.0,0.0,0.0,0.0,0.0,0.0,0.0,0.0,0.0,0.0,0.0,0.0,0.0,0.0,0.0,0.0,0.0,0.0,0.0,0.0,0.0,0.0,0.0,0.0,0.0,GOOGL,0.0,0.0,0.0,0.0,0.0,0.0,0.0,0.0,0.0,0.0,0.0,0.0,0.0,0.0,0.0
2023-12-29,13247000.0,9850000.0,3397000.0,3843000.0,-446000.0,93000.0,-152000.0,-505000.0,27000.0,-532000.0,-532000.0,-2.73,-2.73,194732.3,194732.3,-446000.0,13693000.0,-532000.0,-411920.0,131000.0,49000.0,93000.0,-456000.0,-298000.0,9850000.0,158000.0,-532000.0,-146000.0,0.0,8346000.0,5823000.0,2523000.0,3726000.0,2523000.0,493000.0,1302000.0,1170000.0,3726000.0,1302000.0,1696000.0,0.0,201343.63,197143.39,680000.0,-217000.0,234000.0,3114000.0,0.0,0.0,-6000.0,0.0,2000.0,-66000.0,0.0,674000.0,SPOT,-152000.0,-152000.0,-31920.0,0.0,0.0,4200.24,0.0,0.0,0.0,0.0,0.0,0.0,0.0,0.0,0.0
2022-12-30,11727000.0,8801000.0,2926000.0,3585000.0,-659000.0,2000.0,287000.0,-370000.0,60000.0,-430000.0,-574000.0,-2.23,-2.93,192934.86,195846.36,-659000.0,12386000.0,-430000.0,-656730.0,47000.0,58000.0,2000.0,-312000.0,-141000.0,8801000.0,171000.0,-430000.0,-428000.0,0.0,7636000.0,5235000.0,2401000.0,3529000.0,2401000.0,555000.0,1106000.0,836000.0,3529000.0,1106000.0,1683000.0,0.0,196858.81,193293.27,46000.0,-423000.0,-40000.0,2483000.0,0.0,0.0,-25000.0,0.0,2000.0,-43000.0,-2000.0,21000.0,SPOT,287000.0,287000.0,60270.0,0.0,-144000.0,3565.54,0.0,0.0,0.0,0.0,0.0,0.0,0.0,0.0,0.0
2021-12-31,9668000.0,7077000.0,2591000.0,2497000.0,94000.0,-52000.0,207000.0,249000.0,283000.0,-34000.0,-199000.0,-0.18,-1.03,191298.4,193943.46,94000.0,9574000.0,-34000.0,-185110.0,11000.0,51000.0,-52000.0,300000.0,427000.0,7077000.0,127000.0,-34000.0,220000.0,0.0,7170000.0,5051000.0,2119000.0,3321000.0,2119000.0,579000.0,1136000.0,1146000.0,3321000.0,1136000.0,1781000.0,0.0,195614.91,192151.81,361000.0,-187000.0,1250000.0,2744000.0,0.0,0.0,-85000.0,0.0,1230000.0,-35000.0,-89000.0,276000.0,SPOT,207000.0,207000.0,55890.0,0.0,-165000.0,3463.1,0.0,0.0,0.0,0.0,0.0,0.0,0.0,0.0,0.0
2020-12-31,7880000.0,5865000.0,2015000.0,2308000.0,-293000.0,-29000.0,-387000.0,-709000.0,-128000.0,-581000.0,-581000.0,-3.1,-3.1,187583.31,187583.31,-293000.0,8173000.0,-581000.0,-263867.42,17000.0,54000.0,-29000.0,-655000.0,-544000.0,5865000.0,111000.0,-581000.0,-157000.0,0.0,6326000.0,3521000.0,2805000.0,2805000.0,2805000.0,577000.0,1972000.0,-534000.0,2805000.0,1972000.0,577000.0,0.0,193614.91,190212.85,259000.0,-372000.0,285000.0,1151000.0,0.0,0.0,-78000.0,0.0,20000.0,-24000.0,0.0,181000.0,SPOT,-387000.0,-387000.0,-69867.42,0.0,0.0,3402.06,0.0,0.0,0.0,0.0,0.0,0.0,0.0,0.0,0.0
2019-12-31,0.0,0.0,0.0,0.0,0.0,0.0,0.0,0.0,0.0,0.0,0.0,0.0,0.0,0.0,0.0,0.0,0.0,0.0,0.0,0.0,0.0,0.0,0.0,0.0,0.0,0.0,0.0,0.0,0.0,0.0,0.0,0.0,0.0,0.0,0.0,0.0,0.0,0.0,0.0,0.0,0.0,0.0,0.0,0.0,0.0,0.0,0.0,0.0,0.0,0.0,0.0,0.0,0.0,0.0,0.0,SPOT,0.0,0.0,0.0,0.0,0.0,0.0,0.0,0.0,0.0,0.0,0.0,0.0,0.0,0.0,0.0
2023-12-29,8635000.0,4589000.0,4046000.0,4623000.0,-577000.0,152000.0,-109000.0,-534000.0,31000.0,-558000.0,-558000.0,-1.42,-1.42,392948.0,392948.0,-579000.0,9212000.0,-558000.0,-556420.0,0.0,0.0,152000.0,-577000.0,-68000.0,4589000.0,509000.0,-558000.0,-66000.0,0.0,10839000.0,4026000.0,6813000.0,6806000.0,6806000.0,522000.0,3715000.0,2187000.0,6806000.0,3715000.0,522000.0,0.0,403228.0,403228.0,1673000.0,-342000.0,-752000.0,2772000.0,0.0,0.0,-324000.0,0.0,0.0,0.0,-750000.0,1349000.0,DASH,-2000.0,-2000.0,-420.0,0.0,0.0,0.0,0.0,0.0,0.0,0.0,0.0,0.0,0.0,0.0,0.0
2022-12-30,6583000.0,3588000.0,2995000.0,4027000.0,-1032000.0,30000.0,-397000.0,-1399000.0,-31000.0,-1365000.0,-1365000.0,-3.68,-3.68,371413.0,371413.0,-1124000.0,7615000.0,-1365000.0,-1275038.6,32000.0,2000.0,30000.0,-1032000.0,-663000.0,3588000.0,369000.0,-1365000.0,-571000.0,0.0,9789000.0,3021000.0,6768000.0,6754000.0,6754000.0,511000.0,3619000.0,2176000.0,6754000.0,3619000.0,511000.0,0.0,391471.0,391471.0,367000.0,-300000.0,-375000.0,2188000.0,0.0,0.0,-346000.0,0.0,0.0,0.0,-400000.0,21000.0,DASH,-92000.0,-92000.0,-2038.6,0.0,0.0,0.0,0.0,0.0,0.0,0.0,0.0,0.0,0.0,0.0,0.0
2021-12-31,4888000.0,2338000.0,2550000.0,3002000.0,-452000.0,-11000.0,0.0,-463000.0,5000.0,-468000.0,-468000.0,-1.39,-1.39,336847.0,336847.0,-452000.0,5340000.0,-468000.0,-468000.0,3000.0,14000.0,-11000.0,-452000.0,-296000.0,2338000.0,156000.0,-468000.0,-296000.0,0.0,6809000.0,2142000.0,4667000.0,4667000.0,4667000.0,399000.0,4290000.0,2805000.0,4667000.0,4290000.0,399000.0,0.0,346512.0,346512.0,692000.0,-2047000.0,-483000.0,2506000.0,4000.0,42000.0,-237000.0,0.0,0.0,-333000.0,0.0,455000.0,DASH,0.0,0.0,0.0,0.0,0.0,0.0,0.0,0.0,0.0,0.0,0.0,0.0,0.0,0.0,0.0
2020-12-31,2886000.0,1368000.0,1518000.0,1954000.0,-436000.0,-25000.0,3000.0,-458000.0,3000.0,-461000.0,-461000.0,-7.39,-7.39,62390.0,62390.0,-436000.0,3322000.0,-461000.0,-461000.0,7000.0,32000.0,-25000.0,-426000.0,-306000.0,1368000.0,120000.0,-461000.0,-306000.0,0.0,6353000.0,1653000.0,4700000.0,4700000.0,4700000.0,253000.0,4310000.0,4115000.0,5064000.0,4310000.0,617000.0,0.0,318503.0,318503.0,252000.0,-192000.0,3996000.0,4345000.0,1000.0,0.0,-159000.0,3671000.0,333000.0,0.0,0.0,93000.0,DASH,0.0,0.0,0.0,0.0,0.0,0.0,0.0,0.0,0.0,0.0,0.0,0.0,0.0,0.0,0.0
2019-12-31,0.0,0.0,0.0,0.0,0.0,0.0,-68000.0,0.0,0.0,0.0,0.0,0.0,0.0,0.0,0.0,0.0,0.0,0.0,0.0,18000.0,0.0,0.0,0.0,0.0,0.0,0.0,0.0,0.0,0.0,0.0,0.0,0.0,0.0,0.0,0.0,0.0,0.0,0.0,0.0,0.0,0.0,0.0,0.0,0.0,0.0,0.0,0.0,0.0,0.0,0.0,1111000.0,0.0,0.0,0.0,0.0,DASH,0.0,0.0,0.0,0.0,0.0,0.0,0.0,2264000.0,0.0,0.0,0.0,0.0,0.0,0.0,0.0
2023-12-29,3364504.0,954014.0,2410490.0,1445863.0,964627.0,-133087.0,-54759.0,776781.0,125309.0,651539.0,664142.0,2.36,2.26,275773.0,293284.0,916896.0,2399877.0,651539.0,698269.04,26800.0,159887.0,-133087.0,936668.0,998475.0,954014.0,61807.0,651539.0,1054106.0,0.0,4507886.0,4526959.0,-19073.0,3822694.0,-19548.0,0.0,-2667906.0,739543.0,3822694.0,-2667906.0,3842242.0,2979802.0,289631.35,268890.47,896791.0,-76581.0,-534068.0,862440.0,110428.0,152481.0,-67412.0,0.0,0.0,0.0,-546198.0,829379.0,MTCH,-55631.0,-55631.0,-8900.96,0.0,12603.0,20740.88,0.0,0.0,0.0,0.0,0.0,0.0,0.0,0.0,0.0
2022-12-30,3188843.0,959963.0,2228880.0,1347618.0,881262.0,-141147.0,-362057.0,377491.0,15361.0,361946.0,365875.0,1.28,1.24,282564.0,295215.0,515005.0,2307581.0,361946.0,714323.72,4400.0,145547.0,-141147.0,523038.0,566632.0,959963.0,43594.0,364157.0,931389.0,0.0,4182764.0,4541645.0,-358881.0,3475851.0,-359875.0,0.0,-3065988.0,326031.0,3475851.0,-3065988.0,3835726.0,3263331.0,286817.38,279625.36,525688.0,-71702.0,-689173.0,572516.0,60026.0,138045.0,-49125.0,0.0,0.0,0.0,-482049.0,476563.0,MTCH,-364757.0,-364757.0,-14590.28,0.0,3929.0,7192.01,0.0,0.0,0.0,0.0,0.0,0.0,0.0,0.0,0.0
2021-12-31,2983277.0,839308.0,2143969.0,1263731.0,880238.0,-130493.0,-493597.0,256148.0,-19897.0,277723.0,283346.0,1.01,0.93,275004.0,304840.0,851679.0,2103039.0,277723.0,630212.07,0.0,130493.0,-130493.0,386641.0,428043.0,839308.0,41402.0,277214.0,911602.0,0.0,5063288.0,5257870.0,-194582.0,3625652.0,-203769.0,0.0,-3387462.0,49957.0,3725579.0,-3387462.0,3929348.0,3113964.0,283470.33,283470.33,912499.0,-939825.0,111106.0,815512.0,54766.0,117528.0,-79971.0,0.0,500000.0,0.0,0.0,832528.0,MTCH,-483559.0,-483559.0,-130560.93,0.0,5623.0,0.0,0.0,0.0,0.0,0.0,0.0,0.0,0.0,0.0,0.0
2020-12-31,2391269.0,635833.0,1755436.0,1002196.0,753240.0,-130624.0,8336.0,630952.0,43273.0,162329.0,168390.0,0.73,0.66,223433.0,256020.0,745715.0,1638029.0,162329.0,535397.25,0.0,130624.0,-130624.0,761576.0,802847.0,635833.0,41271.0,528399.0,810372.0,0.0,3046454.0,4459189.0,-1412735.0,2426513.0,-1414417.0,0.0,-2915849.0,520176.0,2426513.0,-2915849.0,3840930.0,3101766.0,267329.28,267329.28,802182.0,-4885551.0,1676887.0,739302.0,41024.0,115957.0,-42376.0,1421801.0,1020000.0,-420000.0,-132868.0,759806.0,MTCH,-7525.0,-7525.0,-526.75,0.0,6061.0,0.0,0.0,0.0,0.0,0.0,0.0,0.0,0.0,0.0,0.0
2019-12-31,0.0,0.0,0.0,0.0,0.0,0.0,0.0,0.0,0.0,0.0,0.0,0.0,0.0,0.0,0.0,0.0,0.0,0.0,0.0,0.0,0.0,0.0,0.0,0.0,0.0,0.0,0.0,0.0,0.0,0.0,0.0,0.0,0.0,0.0,0.0,0.0,0.0,0.0,0.0,0.0,0.0,0.0,0.0,0.0,0.0,0.0,0.0,0.0,0.0,0.0,0.0,0.0,-300000.0,0.0,0.0,MTCH,0.0,0.0,0.0,0.0,0.0,408247.46,0.0,0.0,0.0,0.0,0.0,0.0,0.0,0.0,0.0
2023-12-29,2799274.0,649115.0,2150159.0,3409226.0,-1259067.0,101111.0,-527.0,-1158483.0,454.0,-1151946.0,-1151946.0,-1.87,-1.87,616445.0,616445.0,-1259067.0,4058341.0,-1151946.0,-1151946.0,141818.0,39391.0,101111.0,-1119092.0,-910950.0,649115.0,208142.0,-1151946.0,-910950.0,0.0,6168078.0,6099452.0,68626.0,1081290.0,76290.0,757799.0,-118899.0,223047.0,1081290.0,-118899.0,1762799.0,326534.0,631221.27,631221.27,458180.0,-2825099.0,67176.0,678466.0,3145.0,38750.0,-334167.0,53226.0,14700.0,0.0,0.0,124013.0,RBLX,0.0,0.0,0.0,0.0,0.0,0.0,0.0,0.0,0.0,0.0,0.0,0.0,0.0,0.0,0.0
2022-12-30,2225052.0,547658.0,1677394.0,2601178.0,-923784.0,-1061.0,-5744.0,-930589.0,3552.0,-924366.0,-924366.0,-1.55,-1.55,595559.0,595559.0,-923784.0,3148836.0,-924366.0,-924366.0,38842.0,38642.0,-1061.0,-891947.0,-761864.0,547658.0,130083.0,-924366.0,-761864.0,0.0,5375487.0,5070452.0,305035.0,1295010.0,306026.0,567825.0,116974.0,1357769.0,1295010.0,116974.0,1556809.0,0.0,604674.0,604674.0,369296.0,-441051.0,43642.0,2977474.0,953.0,38965.0,-427663.0,45752.0,0.0,0.0,0.0,-58367.0,RBLX,0.0,0.0,0.0,0.0,0.0,0.0,0.0,0.0,0.0,0.0,0.0,0.0,0.0,0.0,0.0
2021-12-31,1919181.0,496870.0,1422311.0,1917409.0,-495098.0,-6905.0,-1796.0,-503800.0,-320.0,-491651.0,-491651.0,-0.97,-0.97,505858.0,505858.0,-495098.0,2414279.0,-491651.0,-491651.0,92.0,6781.0,-6905.0,-497019.0,-421397.0,496870.0,75622.0,-491651.0,-421397.0,0.0,4560596.0,3967673.0,592923.0,1572540.0,584817.0,245919.0,407080.0,1582673.0,1572540.0,407080.0,1233642.0,0.0,585878.0,585878.0,659109.0,-146821.0,1598124.0,3004300.0,0.0,0.0,-101129.0,610463.0,990000.0,0.0,0.0,557980.0,RBLX,0.0,0.0,0.0,0.0,0.0,0.0,0.0,0.0,0.0,0.0,0.0,0.0,0.0,0.0,0.0
2020-12-31,923885.0,239898.0,683987.0,950124.0,-266137.0,1822.0,-32.0,-264347.0,-6656.0,-253254.0,-253254.0,-0.47,-0.47,534819.96,534819.96,-266137.0,1190022.0,-253254.0,-253254.0,1822.0,0.0,1822.0,-264347.0,-220539.0,239898.0,43808.0,-253254.0,-220539.0,0.0,1847800.0,2080181.0,-232381.0,-252388.0,-252388.0,0.0,-354282.0,195585.0,-252388.0,-354282.0,0.0,0.0,534819.96,534819.96,524340.0,-97030.0,164972.0,893943.0,0.0,0.0,-113120.0,164972.0,0.0,0.0,0.0,411220.0,RBLX,0.0,0.0,0.0,0.0,0.0,0.0,0.0,0.0,0.0,0.0,0.0,0.0,0.0,0.0,0.0
2019-12-31,0.0,0.0,0.0,0.0,0.0,0.0,0.0,0.0,0.0,0.0,0.0,0.0,0.0,0.0,0.0,0.0,0.0,0.0,0.0,0.0,0.0,0.0,0.0,0.0,0.0,0.0,0.0,0.0,0.0,0.0,0.0,0.0,0.0,0.0,0.0,0.0,0.0,0.0,0.0,0.0,0.0,0.0,0.0,0.0,0.0,0.0,0.0,0.0,0.0,0.0,0.0,0.0,0.0,0.0,0.0,RBLX,0.0,0.0,0.0,0.0,0.0,0.0,0.0,0.0,0.0,0.0,0.0,0.0,0.0,0.0,0.0
2024-03-29,7562000.0,1710000.0,5852000.0,4272000.0,1580000.0,68000.0,-59000.0,1589000.0,316000.0,1273000.0,1273000.0,4.71,4.68,270000.0,272000.0,1518000.0,5982000.0,1273000.0,1321060.0,126000.0,58000.0,68000.0,1647000.0,2051000.0,1448000.0,404000.0,1273000.0,2111000.0,0.0,13420000.0,5907000.0,7513000.0,9395000.0,7513000.0,66000.0,1734000.0,1157000.0,9395000.0,1734000.0,1948000.0,0.0,266378.72,266378.72,2315000.0,-207000.0,-1624000.0,2900000.0,300000.0,56000.0,-199000.0,77000.0,0.0,0.0,-1300000.0,2116000.0,EA,-60000.0,-60000.0,-11940.0,0.0,0.0,0.0,0.0,0.0,0.0,0.0,0.0,0.0,0.0,0.0,0.0
2023-03-31,7426000.0,1792000.0,5634000.0,4191000.0,1443000.0,-9000.0,-108000.0,1326000.0,524000.0,802000.0,802000.0,2.9,2.88,277000.0,278000.0,1332000.0,5983000.0,802000.0,867945.0,49000.0,58000.0,-9000.0,1384000.0,1920000.0,1414000.0,536000.0,802000.0,2029000.0,0.0,13459000.0,6166000.0,7293000.0,9173000.0,7293000.0,66000.0,1295000.0,684000.0,9173000.0,1295000.0,1946000.0,0.0,273000.0,273000.0,1550000.0,-217000.0,-1600000.0,2424000.0,583000.0,56000.0,-207000.0,80000.0,0.0,0.0,-1295000.0,1343000.0,EA,-109000.0,-109000.0,-43055.0,0.0,0.0,0.0,0.0,0.0,0.0,0.0,0.0,0.0,0.0,0.0,0.0
2022-03-31,6991000.0,1859000.0,5132000.0,4003000.0,1129000.0,-54000.0,6000.0,1081000.0,292000.0,789000.0,789000.0,2.78,2.76,284000.0,286000.0,1129000.0,5862000.0,789000.0,789730.0,4000.0,58000.0,-54000.0,1139000.0,1625000.0,1556000.0,486000.0,789000.0,1626000.0,0.0,13800000.0,6175000.0,7625000.0,9503000.0,7625000.0,81000.0,1276000.0,638000.0,9503000.0,1276000.0,1959000.0,0.0,280000.0,280000.0,1899000.0,-2804000.0,-1620000.0,2732000.0,629000.0,56000.0,-188000.0,77000.0,0.0,0.0,-1300000.0,1711000.0,EA,-1000.0,-1000.0,-270.0,0.0,0.0,0.0,0.0,0.0,0.0,0.0,0.0,0.0,0.0,0.0,0.0
2021-03-31,5629000.0,1494000.0,4135000.0,3089000.0,1046000.0,-21000.0,-8000.0,1017000.0,180000.0,837000.0,837000.0,2.9,2.87,289000.0,292000.0,1046000.0,4583000.0,837000.0,845230.0,24000.0,45000.0,-21000.0,1062000.0,1243000.0,1343000.0,181000.0,837000.0,1253000.0,0.0,13288000.0,5448000.0,7840000.0,9716000.0,7840000.0,76000.0,4663000.0,4249000.0,9716000.0,4663000.0,1952000.0,0.0,286000.0,286000.0,1934000.0,-505000.0,-15000.0,5260000.0,340000.0,40000.0,-124000.0,86000.0,1478000.0,-600000.0,-729000.0,1810000.0,EA,-10000.0,-10000.0,-1770.0,0.0,0.0,0.0,0.0,0.0,0.0,0.0,0.0,0.0,0.0,0.0,0.0
2020-03-31,0.0,0.0,0.0,0.0,0.0,0.0,0.0,0.0,0.0,0.0,0.0,0.0,0.0,0.0,0.0,0.0,0.0,0.0,0.0,0.0,0.0,0.0,0.0,0.0,0.0,0.0,0.0,0.0,0.0,0.0,0.0,0.0,0.0,0.0,0.0,0.0,0.0,0.0,0.0,0.0,0.0,0.0,0.0,0.0,0.0,0.0,0.0,0.0,0.0,0.0,0.0,0.0,0.0,0.0,0.0,EA,0.0,0.0,0.0,0.0,0.0,0.0,0.0,0.0,0.0,0.0,0.0,0.0,0.0,0.0,0.0
